%YAML 1.1
%TAG !u! tag:unity3d.com,2011:
--- !u!29 &1
OcclusionCullingSettings:
  m_ObjectHideFlags: 0
  serializedVersion: 2
  m_OcclusionBakeSettings:
    smallestOccluder: 5
    smallestHole: 0.25
    backfaceThreshold: 100
  m_SceneGUID: 00000000000000000000000000000000
  m_OcclusionCullingData: {fileID: 0}
--- !u!104 &2
RenderSettings:
  m_ObjectHideFlags: 0
  serializedVersion: 9
  m_Fog: 0
  m_FogColor: {r: 0.5, g: 0.5, b: 0.5, a: 1}
  m_FogMode: 3
  m_FogDensity: 0.01
  m_LinearFogStart: 0
  m_LinearFogEnd: 300
  m_AmbientSkyColor: {r: 0.6666667, g: 0.7058824, b: 0.78431374, a: 1}
  m_AmbientEquatorColor: {r: 0.3529412, g: 0.43137255, b: 0.50980395, a: 1}
  m_AmbientGroundColor: {r: 0, g: 0, b: 0, a: 1}
  m_AmbientIntensity: 1
  m_AmbientMode: 1
  m_SubtractiveShadowColor: {r: 0.42, g: 0.478, b: 0.627, a: 1}
  m_SkyboxMaterial: {fileID: 0}
  m_HaloStrength: 0.5
  m_FlareStrength: 1
  m_FlareFadeSpeed: 3
  m_HaloTexture: {fileID: 0}
  m_SpotCookie: {fileID: 10001, guid: 0000000000000000e000000000000000, type: 0}
  m_DefaultReflectionMode: 0
  m_DefaultReflectionResolution: 128
  m_ReflectionBounces: 1
  m_ReflectionIntensity: 1
  m_CustomReflection: {fileID: 0}
  m_Sun: {fileID: 705507994}
  m_IndirectSpecularColor: {r: 0, g: 0, b: 0, a: 1}
  m_UseRadianceAmbientProbe: 0
--- !u!157 &3
LightmapSettings:
  m_ObjectHideFlags: 0
  serializedVersion: 11
  m_GIWorkflowMode: 0
  m_GISettings:
    serializedVersion: 2
    m_BounceScale: 1
    m_IndirectOutputScale: 1
    m_AlbedoBoost: 1
    m_EnvironmentLightingMode: 0
    m_EnableBakedLightmaps: 0
    m_EnableRealtimeLightmaps: 0
  m_LightmapEditorSettings:
    serializedVersion: 12
    m_Resolution: 2
    m_BakeResolution: 40
    m_AtlasSize: 1024
    m_AO: 0
    m_AOMaxDistance: 1
    m_CompAOExponent: 1
    m_CompAOExponentDirect: 0
    m_ExtractAmbientOcclusion: 0
    m_Padding: 2
    m_LightmapParameters: {fileID: 0}
    m_LightmapsBakeMode: 1
    m_TextureCompression: 1
    m_FinalGather: 0
    m_FinalGatherFiltering: 1
    m_FinalGatherRayCount: 256
    m_ReflectionCompression: 2
    m_MixedBakeMode: 2
    m_BakeBackend: 1
    m_PVRSampling: 1
    m_PVRDirectSampleCount: 32
    m_PVRSampleCount: 500
    m_PVRBounces: 2
    m_PVREnvironmentSampleCount: 500
    m_PVREnvironmentReferencePointCount: 2048
    m_PVRFilteringMode: 2
    m_PVRDenoiserTypeDirect: 0
    m_PVRDenoiserTypeIndirect: 0
    m_PVRDenoiserTypeAO: 0
    m_PVRFilterTypeDirect: 0
    m_PVRFilterTypeIndirect: 0
    m_PVRFilterTypeAO: 0
    m_PVREnvironmentMIS: 0
    m_PVRCulling: 1
    m_PVRFilteringGaussRadiusDirect: 1
    m_PVRFilteringGaussRadiusIndirect: 5
    m_PVRFilteringGaussRadiusAO: 2
    m_PVRFilteringAtrousPositionSigmaDirect: 0.5
    m_PVRFilteringAtrousPositionSigmaIndirect: 2
    m_PVRFilteringAtrousPositionSigmaAO: 1
    m_ExportTrainingData: 0
    m_TrainingDataDestination: TrainingData
  m_LightingDataAsset: {fileID: 0}
  m_UseShadowmask: 1
--- !u!196 &4
NavMeshSettings:
  serializedVersion: 2
  m_ObjectHideFlags: 0
  m_BuildSettings:
    serializedVersion: 2
    agentTypeID: 0
    agentRadius: 0.25
    agentHeight: 2
    agentSlope: 45
    agentClimb: 0.4
    ledgeDropHeight: 0
    maxJumpAcrossDistance: 0
    minRegionArea: 2
    manualCellSize: 0
    cellSize: 0.083333336
    manualTileSize: 0
    tileSize: 256
    accuratePlacement: 0
    debug:
      m_Flags: 0
  m_NavMeshData: {fileID: 23800000, guid: 698a93a2f91d4ec47a225e1ccdce4922, type: 2}
--- !u!1 &56621235
GameObject:
  m_ObjectHideFlags: 0
  m_CorrespondingSourceObject: {fileID: 0}
  m_PrefabInstance: {fileID: 0}
  m_PrefabAsset: {fileID: 0}
  serializedVersion: 6
  m_Component:
  - component: {fileID: 56621239}
  - component: {fileID: 56621238}
  - component: {fileID: 56621237}
  - component: {fileID: 56621236}
  m_Layer: 5
  m_Name: CaughtImageBackground
  m_TagString: Untagged
  m_Icon: {fileID: 0}
  m_NavMeshLayer: 0
  m_StaticEditorFlags: 0
  m_IsActive: 1
--- !u!225 &56621236
CanvasGroup:
  m_ObjectHideFlags: 0
  m_CorrespondingSourceObject: {fileID: 0}
  m_PrefabInstance: {fileID: 0}
  m_PrefabAsset: {fileID: 0}
  m_GameObject: {fileID: 56621235}
  m_Enabled: 1
  m_Alpha: 0
  m_Interactable: 1
  m_BlocksRaycasts: 1
  m_IgnoreParentGroups: 0
--- !u!114 &56621237
MonoBehaviour:
  m_ObjectHideFlags: 0
  m_CorrespondingSourceObject: {fileID: 0}
  m_PrefabInstance: {fileID: 0}
  m_PrefabAsset: {fileID: 0}
  m_GameObject: {fileID: 56621235}
  m_Enabled: 1
  m_EditorHideFlags: 0
  m_Script: {fileID: 11500000, guid: fe87c0e1cc204ed48ad3b37840f39efc, type: 3}
  m_Name: 
  m_EditorClassIdentifier: 
  m_Material: {fileID: 0}
  m_Color: {r: 0, g: 0, b: 0, a: 1}
  m_RaycastTarget: 1
  m_OnCullStateChanged:
    m_PersistentCalls:
      m_Calls: []
    m_TypeName: UnityEngine.UI.MaskableGraphic+CullStateChangedEvent, UnityEngine.UI,
      Version=1.0.0.0, Culture=neutral, PublicKeyToken=null
  m_Sprite: {fileID: 0}
  m_Type: 0
  m_PreserveAspect: 0
  m_FillCenter: 1
  m_FillMethod: 4
  m_FillAmount: 1
  m_FillClockwise: 1
  m_FillOrigin: 0
  m_UseSpriteMesh: 0
  m_PixelsPerUnitMultiplier: 1
--- !u!222 &56621238
CanvasRenderer:
  m_ObjectHideFlags: 0
  m_CorrespondingSourceObject: {fileID: 0}
  m_PrefabInstance: {fileID: 0}
  m_PrefabAsset: {fileID: 0}
  m_GameObject: {fileID: 56621235}
  m_CullTransparentMesh: 0
--- !u!224 &56621239
RectTransform:
  m_ObjectHideFlags: 0
  m_CorrespondingSourceObject: {fileID: 0}
  m_PrefabInstance: {fileID: 0}
  m_PrefabAsset: {fileID: 0}
  m_GameObject: {fileID: 56621235}
  m_LocalRotation: {x: 0, y: 0, z: 0, w: 1}
  m_LocalPosition: {x: 0, y: 0, z: 0}
  m_LocalScale: {x: 1, y: 1, z: 1}
  m_Children:
  - {fileID: 1631880022}
  m_Father: {fileID: 1610324646}
  m_RootOrder: 1
  m_LocalEulerAnglesHint: {x: 0, y: 0, z: 0}
  m_AnchorMin: {x: 0, y: 0}
  m_AnchorMax: {x: 1, y: 0.5}
  m_AnchoredPosition: {x: 0, y: 73.75}
  m_SizeDelta: {x: 0, y: 147.5}
  m_Pivot: {x: 0.5, y: 0.5}
--- !u!1 &145853628
GameObject:
  m_ObjectHideFlags: 0
  m_CorrespondingSourceObject: {fileID: 0}
  m_PrefabInstance: {fileID: 0}
  m_PrefabAsset: {fileID: 0}
  serializedVersion: 6
  m_Component:
  - component: {fileID: 145853629}
  m_Layer: 0
  m_Name: Audio
  m_TagString: Untagged
  m_Icon: {fileID: 0}
  m_NavMeshLayer: 0
  m_StaticEditorFlags: 0
  m_IsActive: 1
--- !u!4 &145853629
Transform:
  m_ObjectHideFlags: 0
  m_CorrespondingSourceObject: {fileID: 0}
  m_PrefabInstance: {fileID: 0}
  m_PrefabAsset: {fileID: 0}
  m_GameObject: {fileID: 145853628}
  m_LocalRotation: {x: 0, y: 0, z: 0, w: 1}
  m_LocalPosition: {x: -1.4273092, y: -9.234905, z: -0.33427238}
  m_LocalScale: {x: 1, y: 1, z: 1}
  m_Children:
  - {fileID: 1612713710}
  - {fileID: 822093826}
  - {fileID: 1311323961}
  m_Father: {fileID: 0}
  m_RootOrder: 9
  m_LocalEulerAnglesHint: {x: 0, y: 0, z: 0}
--- !u!1 &166693335
GameObject:
  m_ObjectHideFlags: 0
  m_CorrespondingSourceObject: {fileID: 0}
  m_PrefabInstance: {fileID: 0}
  m_PrefabAsset: {fileID: 0}
  serializedVersion: 6
  m_Component:
  - component: {fileID: 166693336}
  m_Layer: 0
  m_Name: Waypoints
  m_TagString: Untagged
  m_Icon: {fileID: 0}
  m_NavMeshLayer: 0
  m_StaticEditorFlags: 0
  m_IsActive: 1
--- !u!4 &166693336
Transform:
  m_ObjectHideFlags: 0
  m_CorrespondingSourceObject: {fileID: 0}
  m_PrefabInstance: {fileID: 0}
  m_PrefabAsset: {fileID: 0}
  m_GameObject: {fileID: 166693335}
  m_LocalRotation: {x: 0, y: 0, z: 0, w: 1}
  m_LocalPosition: {x: -5.037433, y: -2.1165993, z: -1.9358844}
  m_LocalScale: {x: 1, y: 1, z: 1}
  m_Children:
  - {fileID: 306422222}
  - {fileID: 1645533142}
  - {fileID: 1933135550}
  - {fileID: 1623235994}
  - {fileID: 759945989}
  - {fileID: 2044385858}
  - {fileID: 218463400}
  - {fileID: 219986458}
  - {fileID: 332073582}
  - {fileID: 1737114876}
  m_Father: {fileID: 0}
  m_RootOrder: 8
  m_LocalEulerAnglesHint: {x: 0, y: 0, z: 0}
--- !u!1001 &167096204
PrefabInstance:
  m_ObjectHideFlags: 0
  serializedVersion: 2
  m_Modification:
    m_TransformParent: {fileID: 2121174630}
    m_Modifications:
    - target: {fileID: 3189835219927106078, guid: 33b6c06b591770d4582bdc2ded70ac33,
        type: 3}
      propertyPath: m_Name
      value: Shadow (3)
      objectReference: {fileID: 0}
    - target: {fileID: 3189835219927106074, guid: 33b6c06b591770d4582bdc2ded70ac33,
        type: 3}
      propertyPath: m_LocalPosition.x
      value: 17.47
      objectReference: {fileID: 0}
    - target: {fileID: 3189835219927106074, guid: 33b6c06b591770d4582bdc2ded70ac33,
        type: 3}
      propertyPath: m_LocalPosition.y
      value: 3.2713861
      objectReference: {fileID: 0}
    - target: {fileID: 3189835219927106074, guid: 33b6c06b591770d4582bdc2ded70ac33,
        type: 3}
      propertyPath: m_LocalPosition.z
      value: -0.71
      objectReference: {fileID: 0}
    - target: {fileID: 3189835219927106074, guid: 33b6c06b591770d4582bdc2ded70ac33,
        type: 3}
      propertyPath: m_LocalRotation.x
      value: -0
      objectReference: {fileID: 0}
    - target: {fileID: 3189835219927106074, guid: 33b6c06b591770d4582bdc2ded70ac33,
        type: 3}
      propertyPath: m_LocalRotation.y
      value: -0
      objectReference: {fileID: 0}
    - target: {fileID: 3189835219927106074, guid: 33b6c06b591770d4582bdc2ded70ac33,
        type: 3}
      propertyPath: m_LocalRotation.z
      value: -0
      objectReference: {fileID: 0}
    - target: {fileID: 3189835219927106074, guid: 33b6c06b591770d4582bdc2ded70ac33,
        type: 3}
      propertyPath: m_LocalRotation.w
      value: 1
      objectReference: {fileID: 0}
    - target: {fileID: 3189835219927106074, guid: 33b6c06b591770d4582bdc2ded70ac33,
        type: 3}
      propertyPath: m_RootOrder
      value: 3
      objectReference: {fileID: 0}
    - target: {fileID: 3189835219927106074, guid: 33b6c06b591770d4582bdc2ded70ac33,
        type: 3}
      propertyPath: m_LocalEulerAnglesHint.x
      value: 0
      objectReference: {fileID: 0}
    - target: {fileID: 3189835219927106074, guid: 33b6c06b591770d4582bdc2ded70ac33,
        type: 3}
      propertyPath: m_LocalEulerAnglesHint.y
      value: 0
      objectReference: {fileID: 0}
    - target: {fileID: 3189835219927106074, guid: 33b6c06b591770d4582bdc2ded70ac33,
        type: 3}
      propertyPath: m_LocalEulerAnglesHint.z
      value: 0
      objectReference: {fileID: 0}
    m_RemovedComponents: []
  m_SourcePrefab: {fileID: 100100000, guid: 33b6c06b591770d4582bdc2ded70ac33, type: 3}
--- !u!4 &167096205 stripped
Transform:
  m_CorrespondingSourceObject: {fileID: 3189835219927106074, guid: 33b6c06b591770d4582bdc2ded70ac33,
    type: 3}
  m_PrefabInstance: {fileID: 167096204}
  m_PrefabAsset: {fileID: 0}
--- !u!1 &214815794
GameObject:
  m_ObjectHideFlags: 0
  m_CorrespondingSourceObject: {fileID: 0}
  m_PrefabInstance: {fileID: 0}
  m_PrefabAsset: {fileID: 0}
  serializedVersion: 6
  m_Component:
  - component: {fileID: 214815795}
  - component: {fileID: 214815798}
  - component: {fileID: 214815797}
  - component: {fileID: 214815796}
  m_Layer: 5
  m_Name: ExitImageBackground
  m_TagString: Untagged
  m_Icon: {fileID: 0}
  m_NavMeshLayer: 0
  m_StaticEditorFlags: 0
  m_IsActive: 1
--- !u!224 &214815795
RectTransform:
  m_ObjectHideFlags: 0
  m_CorrespondingSourceObject: {fileID: 0}
  m_PrefabInstance: {fileID: 0}
  m_PrefabAsset: {fileID: 0}
  m_GameObject: {fileID: 214815794}
  m_LocalRotation: {x: 0, y: 0, z: 0, w: 1}
  m_LocalPosition: {x: 0, y: 0, z: 0}
  m_LocalScale: {x: 1, y: 1, z: 1}
  m_Children:
  - {fileID: 1435818167}
  m_Father: {fileID: 1610324646}
  m_RootOrder: 0
  m_LocalEulerAnglesHint: {x: 0, y: 0, z: 0}
  m_AnchorMin: {x: 0, y: 0}
  m_AnchorMax: {x: 1, y: 0.5}
  m_AnchoredPosition: {x: 0, y: 73.75}
  m_SizeDelta: {x: 0, y: 147.5}
  m_Pivot: {x: 0.5, y: 0.5}
--- !u!225 &214815796
CanvasGroup:
  m_ObjectHideFlags: 0
  m_CorrespondingSourceObject: {fileID: 0}
  m_PrefabInstance: {fileID: 0}
  m_PrefabAsset: {fileID: 0}
  m_GameObject: {fileID: 214815794}
  m_Enabled: 1
  m_Alpha: 0
  m_Interactable: 1
  m_BlocksRaycasts: 1
  m_IgnoreParentGroups: 0
--- !u!114 &214815797
MonoBehaviour:
  m_ObjectHideFlags: 0
  m_CorrespondingSourceObject: {fileID: 0}
  m_PrefabInstance: {fileID: 0}
  m_PrefabAsset: {fileID: 0}
  m_GameObject: {fileID: 214815794}
  m_Enabled: 1
  m_EditorHideFlags: 0
  m_Script: {fileID: 11500000, guid: fe87c0e1cc204ed48ad3b37840f39efc, type: 3}
  m_Name: 
  m_EditorClassIdentifier: 
  m_Material: {fileID: 0}
  m_Color: {r: 0, g: 0, b: 0, a: 1}
  m_RaycastTarget: 1
  m_OnCullStateChanged:
    m_PersistentCalls:
      m_Calls: []
    m_TypeName: UnityEngine.UI.MaskableGraphic+CullStateChangedEvent, UnityEngine.UI,
      Version=1.0.0.0, Culture=neutral, PublicKeyToken=null
  m_Sprite: {fileID: 0}
  m_Type: 0
  m_PreserveAspect: 0
  m_FillCenter: 1
  m_FillMethod: 4
  m_FillAmount: 1
  m_FillClockwise: 1
  m_FillOrigin: 0
  m_UseSpriteMesh: 0
  m_PixelsPerUnitMultiplier: 1
--- !u!222 &214815798
CanvasRenderer:
  m_ObjectHideFlags: 0
  m_CorrespondingSourceObject: {fileID: 0}
  m_PrefabInstance: {fileID: 0}
  m_PrefabAsset: {fileID: 0}
  m_GameObject: {fileID: 214815794}
  m_CullTransparentMesh: 0
--- !u!1 &218463399
GameObject:
  m_ObjectHideFlags: 0
  m_CorrespondingSourceObject: {fileID: 0}
  m_PrefabInstance: {fileID: 0}
  m_PrefabAsset: {fileID: 0}
  serializedVersion: 6
  m_Component:
  - component: {fileID: 218463400}
  m_Layer: 0
  m_Name: Waypoint (6)
  m_TagString: Untagged
  m_Icon: {fileID: 5721338939258241955, guid: 0000000000000000d000000000000000, type: 0}
  m_NavMeshLayer: 0
  m_StaticEditorFlags: 0
  m_IsActive: 1
--- !u!4 &218463400
Transform:
  m_ObjectHideFlags: 0
  m_CorrespondingSourceObject: {fileID: 0}
  m_PrefabInstance: {fileID: 0}
  m_PrefabAsset: {fileID: 0}
  m_GameObject: {fileID: 218463399}
  m_LocalRotation: {x: -0, y: -0, z: -0, w: 1}
  m_LocalPosition: {x: 11.537434, y: 2.1165993, z: 14.235885}
  m_LocalScale: {x: 1, y: 1, z: 1}
  m_Children: []
  m_Father: {fileID: 166693336}
  m_RootOrder: 6
  m_LocalEulerAnglesHint: {x: 0, y: 0, z: 0}
--- !u!1 &219986457
GameObject:
  m_ObjectHideFlags: 0
  m_CorrespondingSourceObject: {fileID: 0}
  m_PrefabInstance: {fileID: 0}
  m_PrefabAsset: {fileID: 0}
  serializedVersion: 6
  m_Component:
  - component: {fileID: 219986458}
  m_Layer: 0
  m_Name: Waypoint (7)
  m_TagString: Untagged
  m_Icon: {fileID: 5721338939258241955, guid: 0000000000000000d000000000000000, type: 0}
  m_NavMeshLayer: 0
  m_StaticEditorFlags: 0
  m_IsActive: 1
--- !u!4 &219986458
Transform:
  m_ObjectHideFlags: 0
  m_CorrespondingSourceObject: {fileID: 0}
  m_PrefabInstance: {fileID: 0}
  m_PrefabAsset: {fileID: 0}
  m_GameObject: {fileID: 219986457}
  m_LocalRotation: {x: -0, y: -0, z: -0, w: 1}
  m_LocalPosition: {x: 11.537434, y: 2.1165993, z: 7.5358844}
  m_LocalScale: {x: 1, y: 1, z: 1}
  m_Children: []
  m_Father: {fileID: 166693336}
  m_RootOrder: 7
  m_LocalEulerAnglesHint: {x: 0, y: 0, z: 0}
--- !u!1 &306422221
GameObject:
  m_ObjectHideFlags: 0
  m_CorrespondingSourceObject: {fileID: 0}
  m_PrefabInstance: {fileID: 0}
  m_PrefabAsset: {fileID: 0}
  serializedVersion: 6
  m_Component:
  - component: {fileID: 306422222}
  m_Layer: 0
  m_Name: Waypoint
  m_TagString: Untagged
  m_Icon: {fileID: 5721338939258241955, guid: 0000000000000000d000000000000000, type: 0}
  m_NavMeshLayer: 0
  m_StaticEditorFlags: 0
  m_IsActive: 1
--- !u!4 &306422222
Transform:
  m_ObjectHideFlags: 0
  m_CorrespondingSourceObject: {fileID: 0}
  m_PrefabInstance: {fileID: 0}
  m_PrefabAsset: {fileID: 0}
  m_GameObject: {fileID: 306422221}
  m_LocalRotation: {x: -0, y: -0, z: -0, w: 1}
  m_LocalPosition: {x: -0.26256704, y: 2.1165993, z: 8.635884}
  m_LocalScale: {x: 1, y: 1, z: 1}
  m_Children: []
  m_Father: {fileID: 166693336}
  m_RootOrder: 0
  m_LocalEulerAnglesHint: {x: 0, y: 0, z: 0}
--- !u!1 &332073581
GameObject:
  m_ObjectHideFlags: 0
  m_CorrespondingSourceObject: {fileID: 0}
  m_PrefabInstance: {fileID: 0}
  m_PrefabAsset: {fileID: 0}
  serializedVersion: 6
  m_Component:
  - component: {fileID: 332073582}
  m_Layer: 0
  m_Name: Waypoint (8)
  m_TagString: Untagged
  m_Icon: {fileID: 5721338939258241955, guid: 0000000000000000d000000000000000, type: 0}
  m_NavMeshLayer: 0
  m_StaticEditorFlags: 0
  m_IsActive: 1
--- !u!4 &332073582
Transform:
  m_ObjectHideFlags: 0
  m_CorrespondingSourceObject: {fileID: 0}
  m_PrefabInstance: {fileID: 0}
  m_PrefabAsset: {fileID: 0}
  m_GameObject: {fileID: 332073581}
  m_LocalRotation: {x: -0, y: -0, z: -0, w: 1}
  m_LocalPosition: {x: 8.237433, y: 2.1165993, z: -3.0641155}
  m_LocalScale: {x: 1, y: 1, z: 1}
  m_Children: []
  m_Father: {fileID: 166693336}
  m_RootOrder: 8
  m_LocalEulerAnglesHint: {x: 0, y: 0, z: 0}
--- !u!1001 &538546052
PrefabInstance:
  m_ObjectHideFlags: 0
  serializedVersion: 2
  m_Modification:
    m_TransformParent: {fileID: 1121182387}
    m_Modifications:
    - target: {fileID: 6412350264869870519, guid: bb5015d909090504aad765bbd5618bbf,
        type: 3}
      propertyPath: m_Name
      value: Gargoyle (1)
      objectReference: {fileID: 0}
    - target: {fileID: 6412350264869963671, guid: bb5015d909090504aad765bbd5618bbf,
        type: 3}
      propertyPath: m_LocalPosition.x
      value: 2.4374332
      objectReference: {fileID: 0}
    - target: {fileID: 6412350264869963671, guid: bb5015d909090504aad765bbd5618bbf,
        type: 3}
      propertyPath: m_LocalPosition.y
      value: 2.1165993
      objectReference: {fileID: 0}
    - target: {fileID: 6412350264869963671, guid: bb5015d909090504aad765bbd5618bbf,
        type: 3}
      propertyPath: m_LocalPosition.z
      value: -6.5641155
      objectReference: {fileID: 0}
    - target: {fileID: 6412350264869963671, guid: bb5015d909090504aad765bbd5618bbf,
        type: 3}
      propertyPath: m_LocalRotation.x
      value: -0
      objectReference: {fileID: 0}
    - target: {fileID: 6412350264869963671, guid: bb5015d909090504aad765bbd5618bbf,
        type: 3}
      propertyPath: m_LocalRotation.y
      value: 0.2588191
      objectReference: {fileID: 0}
    - target: {fileID: 6412350264869963671, guid: bb5015d909090504aad765bbd5618bbf,
        type: 3}
      propertyPath: m_LocalRotation.z
      value: -0
      objectReference: {fileID: 0}
    - target: {fileID: 6412350264869963671, guid: bb5015d909090504aad765bbd5618bbf,
        type: 3}
      propertyPath: m_LocalRotation.w
      value: 0.9659258
      objectReference: {fileID: 0}
    - target: {fileID: 6412350264869963671, guid: bb5015d909090504aad765bbd5618bbf,
        type: 3}
      propertyPath: m_RootOrder
      value: 4
      objectReference: {fileID: 0}
    - target: {fileID: 6412350264869963671, guid: bb5015d909090504aad765bbd5618bbf,
        type: 3}
      propertyPath: m_LocalEulerAnglesHint.x
      value: 0
      objectReference: {fileID: 0}
    - target: {fileID: 6412350264869963671, guid: bb5015d909090504aad765bbd5618bbf,
        type: 3}
      propertyPath: m_LocalEulerAnglesHint.y
      value: 30
      objectReference: {fileID: 0}
    - target: {fileID: 6412350264869963671, guid: bb5015d909090504aad765bbd5618bbf,
        type: 3}
      propertyPath: m_LocalEulerAnglesHint.z
      value: 0
      objectReference: {fileID: 0}
    - target: {fileID: 5357774168396279887, guid: bb5015d909090504aad765bbd5618bbf,
        type: 3}
      propertyPath: player
      value: 
      objectReference: {fileID: 1769701181}
    - target: {fileID: 5357774168396279887, guid: bb5015d909090504aad765bbd5618bbf,
        type: 3}
      propertyPath: GameEnding
      value: 
      objectReference: {fileID: 1876312842}
    m_RemovedComponents: []
  m_SourcePrefab: {fileID: 100100000, guid: bb5015d909090504aad765bbd5618bbf, type: 3}
--- !u!4 &538546053 stripped
Transform:
  m_CorrespondingSourceObject: {fileID: 6412350264869963671, guid: bb5015d909090504aad765bbd5618bbf,
    type: 3}
  m_PrefabInstance: {fileID: 538546052}
  m_PrefabAsset: {fileID: 0}
--- !u!1 &705507993
GameObject:
  m_ObjectHideFlags: 0
  m_CorrespondingSourceObject: {fileID: 0}
  m_PrefabInstance: {fileID: 0}
  m_PrefabAsset: {fileID: 0}
  serializedVersion: 6
  m_Component:
  - component: {fileID: 705507995}
  - component: {fileID: 705507994}
  m_Layer: 0
  m_Name: Directional Light
  m_TagString: Untagged
  m_Icon: {fileID: 0}
  m_NavMeshLayer: 0
  m_StaticEditorFlags: 0
  m_IsActive: 1
--- !u!108 &705507994
Light:
  m_ObjectHideFlags: 0
  m_CorrespondingSourceObject: {fileID: 0}
  m_PrefabInstance: {fileID: 0}
  m_PrefabAsset: {fileID: 0}
  m_GameObject: {fileID: 705507993}
  m_Enabled: 1
  serializedVersion: 9
  m_Type: 1
  m_Color: {r: 0.88235295, g: 0.9411765, b: 0.98039216, a: 1}
  m_Intensity: 2
  m_Range: 10
  m_SpotAngle: 30
  m_InnerSpotAngle: 21.80208
  m_CookieSize: 10
  m_Shadows:
    m_Type: 2
    m_Resolution: -1
    m_CustomResolution: -1
    m_Strength: 1
    m_Bias: 0.01
    m_NormalBias: 0.4
    m_NearPlane: 0.2
    m_CullingMatrixOverride:
      e00: 1
      e01: 0
      e02: 0
      e03: 0
      e10: 0
      e11: 1
      e12: 0
      e13: 0
      e20: 0
      e21: 0
      e22: 1
      e23: 0
      e30: 0
      e31: 0
      e32: 0
      e33: 1
    m_UseCullingMatrixOverride: 0
  m_Cookie: {fileID: 0}
  m_DrawHalo: 0
  m_Flare: {fileID: 0}
  m_RenderMode: 0
  m_CullingMask:
    serializedVersion: 2
    m_Bits: 4294967295
  m_RenderingLayerMask: 1
  m_Lightmapping: 1
  m_LightShadowCasterMode: 0
  m_AreaSize: {x: 1, y: 1}
  m_BounceIntensity: 1
  m_ColorTemperature: 6570
  m_UseColorTemperature: 0
  m_BoundingSphereOverride: {x: 1.0906e-41, y: 1.02e-43, z: 0, w: 0}
  m_UseBoundingSphereOverride: 0
  m_ShadowRadius: 0
  m_ShadowAngle: 0
--- !u!4 &705507995
Transform:
  m_ObjectHideFlags: 0
  m_CorrespondingSourceObject: {fileID: 0}
  m_PrefabInstance: {fileID: 0}
  m_PrefabAsset: {fileID: 0}
  m_GameObject: {fileID: 705507993}
  m_LocalRotation: {x: 0.25488704, y: 0.16773126, z: -0.044943456, w: 0.95125127}
  m_LocalPosition: {x: 0, y: 3, z: 0}
  m_LocalScale: {x: 1, y: 1, z: 1}
  m_Children: []
  m_Father: {fileID: 0}
  m_RootOrder: 2
  m_LocalEulerAnglesHint: {x: 30, y: 20, z: 0}
--- !u!1 &759945988
GameObject:
  m_ObjectHideFlags: 0
  m_CorrespondingSourceObject: {fileID: 0}
  m_PrefabInstance: {fileID: 0}
  m_PrefabAsset: {fileID: 0}
  serializedVersion: 6
  m_Component:
  - component: {fileID: 759945989}
  m_Layer: 0
  m_Name: Waypoint (4)
  m_TagString: Untagged
  m_Icon: {fileID: 5721338939258241955, guid: 0000000000000000d000000000000000, type: 0}
  m_NavMeshLayer: 0
  m_StaticEditorFlags: 0
  m_IsActive: 1
--- !u!4 &759945989
Transform:
  m_ObjectHideFlags: 0
  m_CorrespondingSourceObject: {fileID: 0}
  m_PrefabInstance: {fileID: 0}
  m_PrefabAsset: {fileID: 0}
  m_GameObject: {fileID: 759945988}
  m_LocalRotation: {x: -0, y: -0, z: -0, w: 1}
  m_LocalPosition: {x: 8.237433, y: 2.1165993, z: 7.5358844}
  m_LocalScale: {x: 1, y: 1, z: 1}
  m_Children: []
  m_Father: {fileID: 166693336}
  m_RootOrder: 4
  m_LocalEulerAnglesHint: {x: 0, y: 0, z: 0}
--- !u!1 &822093825
GameObject:
  m_ObjectHideFlags: 0
  m_CorrespondingSourceObject: {fileID: 0}
  m_PrefabInstance: {fileID: 0}
  m_PrefabAsset: {fileID: 0}
  serializedVersion: 6
  m_Component:
  - component: {fileID: 822093826}
  - component: {fileID: 822093827}
  m_Layer: 0
  m_Name: Caught
  m_TagString: Untagged
  m_Icon: {fileID: 0}
  m_NavMeshLayer: 0
  m_StaticEditorFlags: 0
  m_IsActive: 1
--- !u!4 &822093826
Transform:
  m_ObjectHideFlags: 0
  m_CorrespondingSourceObject: {fileID: 0}
  m_PrefabInstance: {fileID: 0}
  m_PrefabAsset: {fileID: 0}
  m_GameObject: {fileID: 822093825}
  m_LocalRotation: {x: -0, y: -0, z: -0, w: 1}
  m_LocalPosition: {x: 1.4273092, y: 9.234905, z: 0.33427238}
  m_LocalScale: {x: 1, y: 1, z: 1}
  m_Children: []
  m_Father: {fileID: 145853629}
  m_RootOrder: 1
  m_LocalEulerAnglesHint: {x: 0, y: 0, z: 0}
--- !u!82 &822093827
AudioSource:
  m_ObjectHideFlags: 0
  m_CorrespondingSourceObject: {fileID: 0}
  m_PrefabInstance: {fileID: 0}
  m_PrefabAsset: {fileID: 0}
  m_GameObject: {fileID: 822093825}
  m_Enabled: 1
  serializedVersion: 4
  OutputAudioMixerGroup: {fileID: 0}
  m_audioClip: {fileID: 8300000, guid: 2789d5ce62baaba4ab1ee8bb172304a6, type: 3}
  m_PlayOnAwake: 0
  m_Volume: 1
  m_Pitch: 1
  Loop: 0
  Mute: 0
  Spatialize: 0
  SpatializePostEffects: 0
  Priority: 128
  DopplerLevel: 1
  MinDistance: 1
  MaxDistance: 500
  Pan2D: 0
  rolloffMode: 0
  BypassEffects: 0
  BypassListenerEffects: 0
  BypassReverbZones: 0
  rolloffCustomCurve:
    serializedVersion: 2
    m_Curve:
    - serializedVersion: 3
      time: 0
      value: 1
      inSlope: 0
      outSlope: 0
      tangentMode: 0
      weightedMode: 0
      inWeight: 0.33333334
      outWeight: 0.33333334
    - serializedVersion: 3
      time: 1
      value: 0
      inSlope: 0
      outSlope: 0
      tangentMode: 0
      weightedMode: 0
      inWeight: 0.33333334
      outWeight: 0.33333334
    m_PreInfinity: 2
    m_PostInfinity: 2
    m_RotationOrder: 4
  panLevelCustomCurve:
    serializedVersion: 2
    m_Curve:
    - serializedVersion: 3
      time: 0
      value: 0
      inSlope: 0
      outSlope: 0
      tangentMode: 0
      weightedMode: 0
      inWeight: 0.33333334
      outWeight: 0.33333334
    m_PreInfinity: 2
    m_PostInfinity: 2
    m_RotationOrder: 4
  spreadCustomCurve:
    serializedVersion: 2
    m_Curve:
    - serializedVersion: 3
      time: 0
      value: 0
      inSlope: 0
      outSlope: 0
      tangentMode: 0
      weightedMode: 0
      inWeight: 0.33333334
      outWeight: 0.33333334
    m_PreInfinity: 2
    m_PostInfinity: 2
    m_RotationOrder: 4
  reverbZoneMixCustomCurve:
    serializedVersion: 2
    m_Curve:
    - serializedVersion: 3
      time: 0
      value: 1
      inSlope: 0
      outSlope: 0
      tangentMode: 0
      weightedMode: 0
      inWeight: 0.33333334
      outWeight: 0.33333334
    m_PreInfinity: 2
    m_PostInfinity: 2
    m_RotationOrder: 4
--- !u!1001 &847017683
PrefabInstance:
  m_ObjectHideFlags: 0
  serializedVersion: 2
  m_Modification:
    m_TransformParent: {fileID: 1121182387}
    m_Modifications:
    - target: {fileID: 6412350264869870519, guid: bb5015d909090504aad765bbd5618bbf,
        type: 3}
      propertyPath: m_Name
      value: Gargoyle (2)
      objectReference: {fileID: 0}
    - target: {fileID: 6412350264869963671, guid: bb5015d909090504aad765bbd5618bbf,
        type: 3}
      propertyPath: m_LocalPosition.x
      value: 0.23743296
      objectReference: {fileID: 0}
    - target: {fileID: 6412350264869963671, guid: bb5015d909090504aad765bbd5618bbf,
        type: 3}
      propertyPath: m_LocalPosition.y
      value: 2.1165993
      objectReference: {fileID: 0}
    - target: {fileID: 6412350264869963671, guid: bb5015d909090504aad765bbd5618bbf,
        type: 3}
      propertyPath: m_LocalPosition.z
      value: 12.535885
      objectReference: {fileID: 0}
    - target: {fileID: 6412350264869963671, guid: bb5015d909090504aad765bbd5618bbf,
        type: 3}
      propertyPath: m_LocalRotation.x
      value: -0
      objectReference: {fileID: 0}
    - target: {fileID: 6412350264869963671, guid: bb5015d909090504aad765bbd5618bbf,
        type: 3}
      propertyPath: m_LocalRotation.y
      value: 0.92387956
      objectReference: {fileID: 0}
    - target: {fileID: 6412350264869963671, guid: bb5015d909090504aad765bbd5618bbf,
        type: 3}
      propertyPath: m_LocalRotation.z
      value: -0
      objectReference: {fileID: 0}
    - target: {fileID: 6412350264869963671, guid: bb5015d909090504aad765bbd5618bbf,
        type: 3}
      propertyPath: m_LocalRotation.w
      value: 0.38268343
      objectReference: {fileID: 0}
    - target: {fileID: 6412350264869963671, guid: bb5015d909090504aad765bbd5618bbf,
        type: 3}
      propertyPath: m_RootOrder
      value: 5
      objectReference: {fileID: 0}
    - target: {fileID: 6412350264869963671, guid: bb5015d909090504aad765bbd5618bbf,
        type: 3}
      propertyPath: m_LocalEulerAnglesHint.x
      value: 0
      objectReference: {fileID: 0}
    - target: {fileID: 6412350264869963671, guid: bb5015d909090504aad765bbd5618bbf,
        type: 3}
      propertyPath: m_LocalEulerAnglesHint.y
      value: 135
      objectReference: {fileID: 0}
    - target: {fileID: 6412350264869963671, guid: bb5015d909090504aad765bbd5618bbf,
        type: 3}
      propertyPath: m_LocalEulerAnglesHint.z
      value: 0
      objectReference: {fileID: 0}
    - target: {fileID: 5357774168396279887, guid: bb5015d909090504aad765bbd5618bbf,
        type: 3}
      propertyPath: player
      value: 
      objectReference: {fileID: 1769701181}
    - target: {fileID: 5357774168396279887, guid: bb5015d909090504aad765bbd5618bbf,
        type: 3}
      propertyPath: GameEnding
      value: 
      objectReference: {fileID: 1876312842}
    m_RemovedComponents: []
  m_SourcePrefab: {fileID: 100100000, guid: bb5015d909090504aad765bbd5618bbf, type: 3}
--- !u!4 &847017684 stripped
Transform:
  m_CorrespondingSourceObject: {fileID: 6412350264869963671, guid: bb5015d909090504aad765bbd5618bbf,
    type: 3}
  m_PrefabInstance: {fileID: 847017683}
  m_PrefabAsset: {fileID: 0}
--- !u!1 &963194225
GameObject:
  m_ObjectHideFlags: 0
  m_CorrespondingSourceObject: {fileID: 0}
  m_PrefabInstance: {fileID: 0}
  m_PrefabAsset: {fileID: 0}
  serializedVersion: 6
  m_Component:
  - component: {fileID: 963194228}
  - component: {fileID: 963194227}
  - component: {fileID: 963194229}
  - component: {fileID: 963194230}
  m_Layer: 8
  m_Name: Main Camera
  m_TagString: MainCamera
  m_Icon: {fileID: 0}
  m_NavMeshLayer: 0
  m_StaticEditorFlags: 0
  m_IsActive: 1
--- !u!20 &963194227
Camera:
  m_ObjectHideFlags: 0
  m_CorrespondingSourceObject: {fileID: 0}
  m_PrefabInstance: {fileID: 0}
  m_PrefabAsset: {fileID: 0}
  m_GameObject: {fileID: 963194225}
  m_Enabled: 1
  serializedVersion: 2
  m_ClearFlags: 1
  m_BackGroundColor: {r: 0.19215687, g: 0.3019608, b: 0.4745098, a: 0}
  m_projectionMatrixMode: 1
  m_GateFitMode: 2
  m_FOVAxisMode: 0
  m_SensorSize: {x: 36, y: 24}
  m_LensShift: {x: 0, y: 0}
  m_FocalLength: 50
  m_NormalizedViewPortRect:
    serializedVersion: 2
    x: 0
    y: 0
    width: 1
    height: 1
  near clip plane: 0.1
  far clip plane: 5000
  field of view: 40
  orthographic: 0
  orthographic size: 5
  m_Depth: -1
  m_CullingMask:
    serializedVersion: 2
    m_Bits: 4294967295
  m_RenderingPath: -1
  m_TargetTexture: {fileID: 0}
  m_TargetDisplay: 0
  m_TargetEye: 3
  m_HDR: 1
  m_AllowMSAA: 1
  m_AllowDynamicResolution: 0
  m_ForceIntoRT: 0
  m_OcclusionCulling: 1
  m_StereoConvergence: 10
  m_StereoSeparation: 0.022
--- !u!4 &963194228
Transform:
  m_ObjectHideFlags: 0
  m_CorrespondingSourceObject: {fileID: 0}
  m_PrefabInstance: {fileID: 0}
  m_PrefabAsset: {fileID: 0}
  m_GameObject: {fileID: 963194225}
  m_LocalRotation: {x: 0.38268343, y: 0, z: 0, w: 0.92387956}
  m_LocalPosition: {x: -9.8, y: 5.656854, z: -8.856854}
  m_LocalScale: {x: 1, y: 1, z: 1}
  m_Children: []
  m_Father: {fileID: 0}
  m_RootOrder: 0
  m_LocalEulerAnglesHint: {x: 0, y: 0, z: 0}
--- !u!114 &963194229
MonoBehaviour:
  m_ObjectHideFlags: 0
  m_CorrespondingSourceObject: {fileID: 0}
  m_PrefabInstance: {fileID: 0}
  m_PrefabAsset: {fileID: 0}
  m_GameObject: {fileID: 963194225}
  m_Enabled: 1
  m_EditorHideFlags: 0
  m_Script: {fileID: 11500000, guid: 72ece51f2901e7445ab60da3685d6b5f, type: 3}
  m_Name: 
  m_EditorClassIdentifier: 
  m_ShowDebugText: 0
  m_ShowCameraFrustum: 1
  m_IgnoreTimeScale: 0
  m_WorldUpOverride: {fileID: 0}
  m_UpdateMethod: 2
  m_DefaultBlend:
    m_Style: 1
    m_Time: 2
    m_CustomCurve:
      serializedVersion: 2
      m_Curve: []
      m_PreInfinity: 2
      m_PostInfinity: 2
      m_RotationOrder: 4
  m_CustomBlends: {fileID: 0}
  m_CameraCutEvent:
    m_PersistentCalls:
      m_Calls: []
    m_TypeName: Cinemachine.CinemachineBrain+BrainEvent, Cinemachine, Version=0.0.0.0,
      Culture=neutral, PublicKeyToken=null
  m_CameraActivatedEvent:
    m_PersistentCalls:
      m_Calls: []
    m_TypeName: Cinemachine.CinemachineBrain+VcamActivatedEvent, Cinemachine, Version=0.0.0.0,
      Culture=neutral, PublicKeyToken=null
--- !u!114 &963194230
MonoBehaviour:
  m_ObjectHideFlags: 0
  m_CorrespondingSourceObject: {fileID: 0}
  m_PrefabInstance: {fileID: 0}
  m_PrefabAsset: {fileID: 0}
  m_GameObject: {fileID: 963194225}
  m_Enabled: 1
  m_EditorHideFlags: 0
  m_Script: {fileID: 11500000, guid: 948f4100a11a5c24981795d21301da5c, type: 3}
  m_Name: 
  m_EditorClassIdentifier: 
  volumeTrigger: {fileID: 963194228}
  volumeLayer:
    serializedVersion: 2
    m_Bits: 0
  stopNaNPropagation: 1
  finalBlitToCameraTarget: 1
  antialiasingMode: 1
  temporalAntialiasing:
    jitterSpread: 0.75
    sharpness: 0.25
    stationaryBlending: 0.95
    motionBlending: 0.85
  subpixelMorphologicalAntialiasing:
    quality: 2
  fastApproximateAntialiasing:
    fastMode: 1
    keepAlpha: 0
  fog:
    enabled: 1
    excludeSkybox: 1
  debugLayer:
    lightMeter:
      width: 512
      height: 256
      showCurves: 1
    histogram:
      width: 512
      height: 256
      channel: 3
    waveform:
      exposure: 0.12
      height: 256
    vectorscope:
      size: 256
      exposure: 0.12
    overlaySettings:
      linearDepth: 0
      motionColorIntensity: 4
      motionGridSize: 64
      colorBlindnessType: 0
      colorBlindnessStrength: 1
  m_Resources: {fileID: 11400000, guid: d82512f9c8e5d4a4d938b575d47f88d4, type: 2}
  m_ShowToolkit: 0
  m_ShowCustomSorter: 0
  breakBeforeColorGrading: 0
  m_BeforeTransparentBundles: []
  m_BeforeStackBundles: []
  m_AfterStackBundles: []
--- !u!1001 &989339876
PrefabInstance:
  m_ObjectHideFlags: 0
  serializedVersion: 2
  m_Modification:
    m_TransformParent: {fileID: 1121182387}
    m_Modifications:
    - target: {fileID: 6412350264869870519, guid: bb5015d909090504aad765bbd5618bbf,
        type: 3}
      propertyPath: m_Name
      value: Gargoyle
      objectReference: {fileID: 0}
    - target: {fileID: 6412350264869963671, guid: bb5015d909090504aad765bbd5618bbf,
        type: 3}
      propertyPath: m_LocalPosition.x
      value: -10.162567
      objectReference: {fileID: 0}
    - target: {fileID: 6412350264869963671, guid: bb5015d909090504aad765bbd5618bbf,
        type: 3}
      propertyPath: m_LocalPosition.y
      value: 2.1165993
      objectReference: {fileID: 0}
    - target: {fileID: 6412350264869963671, guid: bb5015d909090504aad765bbd5618bbf,
        type: 3}
      propertyPath: m_LocalPosition.z
      value: 2.7358844
      objectReference: {fileID: 0}
    - target: {fileID: 6412350264869963671, guid: bb5015d909090504aad765bbd5618bbf,
        type: 3}
      propertyPath: m_LocalRotation.x
      value: -0
      objectReference: {fileID: 0}
    - target: {fileID: 6412350264869963671, guid: bb5015d909090504aad765bbd5618bbf,
        type: 3}
      propertyPath: m_LocalRotation.y
      value: 0.92387956
      objectReference: {fileID: 0}
    - target: {fileID: 6412350264869963671, guid: bb5015d909090504aad765bbd5618bbf,
        type: 3}
      propertyPath: m_LocalRotation.z
      value: -0
      objectReference: {fileID: 0}
    - target: {fileID: 6412350264869963671, guid: bb5015d909090504aad765bbd5618bbf,
        type: 3}
      propertyPath: m_LocalRotation.w
      value: 0.38268343
      objectReference: {fileID: 0}
    - target: {fileID: 6412350264869963671, guid: bb5015d909090504aad765bbd5618bbf,
        type: 3}
      propertyPath: m_RootOrder
      value: 6
      objectReference: {fileID: 0}
    - target: {fileID: 6412350264869963671, guid: bb5015d909090504aad765bbd5618bbf,
        type: 3}
      propertyPath: m_LocalEulerAnglesHint.x
      value: 0
      objectReference: {fileID: 0}
    - target: {fileID: 6412350264869963671, guid: bb5015d909090504aad765bbd5618bbf,
        type: 3}
      propertyPath: m_LocalEulerAnglesHint.y
      value: 135
      objectReference: {fileID: 0}
    - target: {fileID: 6412350264869963671, guid: bb5015d909090504aad765bbd5618bbf,
        type: 3}
      propertyPath: m_LocalEulerAnglesHint.z
      value: 0
      objectReference: {fileID: 0}
    - target: {fileID: 5357774168396279887, guid: bb5015d909090504aad765bbd5618bbf,
        type: 3}
      propertyPath: player
      value: 
      objectReference: {fileID: 1769701181}
    - target: {fileID: 5357774168396279887, guid: bb5015d909090504aad765bbd5618bbf,
        type: 3}
      propertyPath: GameEnding
      value: 
      objectReference: {fileID: 1876312842}
    m_RemovedComponents: []
  m_SourcePrefab: {fileID: 100100000, guid: bb5015d909090504aad765bbd5618bbf, type: 3}
--- !u!1 &1038130960
GameObject:
  m_ObjectHideFlags: 0
  m_CorrespondingSourceObject: {fileID: 0}
  m_PrefabInstance: {fileID: 0}
  m_PrefabAsset: {fileID: 0}
  serializedVersion: 6
  m_Component:
  - component: {fileID: 1038130961}
  m_Layer: 0
  m_Name: Level
  m_TagString: Untagged
  m_Icon: {fileID: 0}
  m_NavMeshLayer: 0
  m_StaticEditorFlags: 0
  m_IsActive: 1
--- !u!4 &1038130961
Transform:
  m_ObjectHideFlags: 0
  m_CorrespondingSourceObject: {fileID: 0}
  m_PrefabInstance: {fileID: 0}
  m_PrefabAsset: {fileID: 0}
  m_GameObject: {fileID: 1038130960}
  m_LocalRotation: {x: 0, y: 0, z: 0, w: 1}
  m_LocalPosition: {x: 0, y: 0, z: 0}
  m_LocalScale: {x: 1, y: 1, z: 1}
  m_Children:
  - {fileID: 2004698150}
  m_Father: {fileID: 0}
  m_RootOrder: 11
  m_LocalEulerAnglesHint: {x: 0, y: 0, z: 0}
--- !u!1 &1071109998
GameObject:
  m_ObjectHideFlags: 0
  m_CorrespondingSourceObject: {fileID: 0}
  m_PrefabInstance: {fileID: 0}
  m_PrefabAsset: {fileID: 0}
  serializedVersion: 6
  m_Component:
  - component: {fileID: 1071110000}
  - component: {fileID: 1071109999}
  m_Layer: 8
  m_Name: GlobalPost
  m_TagString: Untagged
  m_Icon: {fileID: 0}
  m_NavMeshLayer: 0
  m_StaticEditorFlags: 0
  m_IsActive: 1
--- !u!114 &1071109999
MonoBehaviour:
  m_ObjectHideFlags: 0
  m_CorrespondingSourceObject: {fileID: 0}
  m_PrefabInstance: {fileID: 0}
  m_PrefabAsset: {fileID: 0}
  m_GameObject: {fileID: 1071109998}
  m_Enabled: 1
  m_EditorHideFlags: 0
  m_Script: {fileID: 11500000, guid: 8b9a305e18de0c04dbd257a21cd47087, type: 3}
  m_Name: 
  m_EditorClassIdentifier: 
  sharedProfile: {fileID: 11400000, guid: 350b67cd516410e418a8eb624fb867db, type: 2}
  isGlobal: 1
  blendDistance: 0
  weight: 1
  priority: 0
--- !u!4 &1071110000
Transform:
  m_ObjectHideFlags: 0
  m_CorrespondingSourceObject: {fileID: 0}
  m_PrefabInstance: {fileID: 0}
  m_PrefabAsset: {fileID: 0}
  m_GameObject: {fileID: 1071109998}
  m_LocalRotation: {x: 0, y: 0, z: 0, w: 1}
  m_LocalPosition: {x: 0, y: 0, z: 0}
  m_LocalScale: {x: 1, y: 1, z: 1}
  m_Children: []
  m_Father: {fileID: 0}
  m_RootOrder: 6
  m_LocalEulerAnglesHint: {x: 0, y: 0, z: 0}
--- !u!1 &1121182386
GameObject:
  m_ObjectHideFlags: 0
  m_CorrespondingSourceObject: {fileID: 0}
  m_PrefabInstance: {fileID: 0}
  m_PrefabAsset: {fileID: 0}
  serializedVersion: 6
  m_Component:
  - component: {fileID: 1121182387}
  m_Layer: 0
  m_Name: Enemies
  m_TagString: Untagged
  m_Icon: {fileID: 0}
  m_NavMeshLayer: 0
  m_StaticEditorFlags: 0
  m_IsActive: 1
--- !u!4 &1121182387
Transform:
  m_ObjectHideFlags: 0
  m_CorrespondingSourceObject: {fileID: 0}
  m_PrefabInstance: {fileID: 0}
  m_PrefabAsset: {fileID: 0}
  m_GameObject: {fileID: 1121182386}
  m_LocalRotation: {x: 0, y: 0, z: 0, w: 1}
  m_LocalPosition: {x: -5.037433, y: -2.1165993, z: -1.9358844}
  m_LocalScale: {x: 1, y: 1, z: 1}
  m_Children:
  - {fileID: 9065293137996443197}
  - {fileID: 1162997333}
  - {fileID: 1305480957}
  - {fileID: 1656147651}
  - {fileID: 538546053}
  - {fileID: 847017684}
  - {fileID: 1982701954}
  m_Father: {fileID: 0}
  m_RootOrder: 7
  m_LocalEulerAnglesHint: {x: 0, y: 0, z: 0}
--- !u!1001 &1162997331
PrefabInstance:
  m_ObjectHideFlags: 0
  serializedVersion: 2
  m_Modification:
    m_TransformParent: {fileID: 1121182387}
    m_Modifications:
    - target: {fileID: 8979310983172939016, guid: eda3a9096a100674abfa7ee62060d8d7,
        type: 3}
      propertyPath: m_Name
      value: Ghost
      objectReference: {fileID: 0}
    - target: {fileID: 8979310983173292328, guid: eda3a9096a100674abfa7ee62060d8d7,
        type: 3}
      propertyPath: m_LocalPosition.x
      value: 6.537433
      objectReference: {fileID: 0}
    - target: {fileID: 8979310983173292328, guid: eda3a9096a100674abfa7ee62060d8d7,
        type: 3}
      propertyPath: m_LocalPosition.y
      value: 2.1165993
      objectReference: {fileID: 0}
    - target: {fileID: 8979310983173292328, guid: eda3a9096a100674abfa7ee62060d8d7,
        type: 3}
      propertyPath: m_LocalPosition.z
      value: 5.9358845
      objectReference: {fileID: 0}
    - target: {fileID: 8979310983173292328, guid: eda3a9096a100674abfa7ee62060d8d7,
        type: 3}
      propertyPath: m_LocalRotation.x
      value: -0
      objectReference: {fileID: 0}
    - target: {fileID: 8979310983173292328, guid: eda3a9096a100674abfa7ee62060d8d7,
        type: 3}
      propertyPath: m_LocalRotation.y
      value: -0
      objectReference: {fileID: 0}
    - target: {fileID: 8979310983173292328, guid: eda3a9096a100674abfa7ee62060d8d7,
        type: 3}
      propertyPath: m_LocalRotation.z
      value: -0
      objectReference: {fileID: 0}
    - target: {fileID: 8979310983173292328, guid: eda3a9096a100674abfa7ee62060d8d7,
        type: 3}
      propertyPath: m_LocalRotation.w
      value: 1
      objectReference: {fileID: 0}
    - target: {fileID: 8979310983173292328, guid: eda3a9096a100674abfa7ee62060d8d7,
        type: 3}
      propertyPath: m_RootOrder
      value: 1
      objectReference: {fileID: 0}
    - target: {fileID: 8979310983173292328, guid: eda3a9096a100674abfa7ee62060d8d7,
        type: 3}
      propertyPath: m_LocalEulerAnglesHint.x
      value: 0
      objectReference: {fileID: 0}
    - target: {fileID: 8979310983173292328, guid: eda3a9096a100674abfa7ee62060d8d7,
        type: 3}
      propertyPath: m_LocalEulerAnglesHint.y
      value: 0
      objectReference: {fileID: 0}
    - target: {fileID: 8979310983173292328, guid: eda3a9096a100674abfa7ee62060d8d7,
        type: 3}
      propertyPath: m_LocalEulerAnglesHint.z
      value: 0
      objectReference: {fileID: 0}
    - target: {fileID: 5679206685560858977, guid: eda3a9096a100674abfa7ee62060d8d7,
        type: 3}
      propertyPath: player
      value: 
      objectReference: {fileID: 1769701181}
    - target: {fileID: 5679206685560858977, guid: eda3a9096a100674abfa7ee62060d8d7,
        type: 3}
      propertyPath: GameEnding
      value: 
      objectReference: {fileID: 1876312842}
    - target: {fileID: 2829566307871396747, guid: eda3a9096a100674abfa7ee62060d8d7,
        type: 3}
      propertyPath: waypoints.Array.size
      value: 2
      objectReference: {fileID: 0}
    - target: {fileID: 2829566307871396747, guid: eda3a9096a100674abfa7ee62060d8d7,
        type: 3}
      propertyPath: NavMeshAgent
      value: 
      objectReference: {fileID: 1162997332}
    - target: {fileID: 2829566307871396747, guid: eda3a9096a100674abfa7ee62060d8d7,
        type: 3}
      propertyPath: waypoints.Array.data[0]
      value: 
      objectReference: {fileID: 1933135550}
    - target: {fileID: 2829566307871396747, guid: eda3a9096a100674abfa7ee62060d8d7,
        type: 3}
      propertyPath: waypoints.Array.data[1]
      value: 
      objectReference: {fileID: 1623235994}
    m_RemovedComponents: []
  m_SourcePrefab: {fileID: 100100000, guid: eda3a9096a100674abfa7ee62060d8d7, type: 3}
--- !u!195 &1162997332 stripped
NavMeshAgent:
  m_CorrespondingSourceObject: {fileID: 2990109391484423729, guid: eda3a9096a100674abfa7ee62060d8d7,
    type: 3}
  m_PrefabInstance: {fileID: 1162997331}
  m_PrefabAsset: {fileID: 0}
--- !u!4 &1162997333 stripped
Transform:
  m_CorrespondingSourceObject: {fileID: 8979310983173292328, guid: eda3a9096a100674abfa7ee62060d8d7,
    type: 3}
  m_PrefabInstance: {fileID: 1162997331}
  m_PrefabAsset: {fileID: 0}
--- !u!1001 &1305480955
PrefabInstance:
  m_ObjectHideFlags: 0
  serializedVersion: 2
  m_Modification:
    m_TransformParent: {fileID: 1121182387}
    m_Modifications:
    - target: {fileID: 8979310983172939016, guid: eda3a9096a100674abfa7ee62060d8d7,
        type: 3}
      propertyPath: m_Name
      value: Ghost
      objectReference: {fileID: 0}
    - target: {fileID: 8979310983173292328, guid: eda3a9096a100674abfa7ee62060d8d7,
        type: 3}
      propertyPath: m_LocalPosition.x
      value: 8.237433
      objectReference: {fileID: 0}
    - target: {fileID: 8979310983173292328, guid: eda3a9096a100674abfa7ee62060d8d7,
        type: 3}
      propertyPath: m_LocalPosition.y
      value: 2.1165993
      objectReference: {fileID: 0}
    - target: {fileID: 8979310983173292328, guid: eda3a9096a100674abfa7ee62060d8d7,
        type: 3}
      propertyPath: m_LocalPosition.z
      value: 8.435884
      objectReference: {fileID: 0}
    - target: {fileID: 8979310983173292328, guid: eda3a9096a100674abfa7ee62060d8d7,
        type: 3}
      propertyPath: m_LocalRotation.x
      value: -0
      objectReference: {fileID: 0}
    - target: {fileID: 8979310983173292328, guid: eda3a9096a100674abfa7ee62060d8d7,
        type: 3}
      propertyPath: m_LocalRotation.y
      value: -0
      objectReference: {fileID: 0}
    - target: {fileID: 8979310983173292328, guid: eda3a9096a100674abfa7ee62060d8d7,
        type: 3}
      propertyPath: m_LocalRotation.z
      value: -0
      objectReference: {fileID: 0}
    - target: {fileID: 8979310983173292328, guid: eda3a9096a100674abfa7ee62060d8d7,
        type: 3}
      propertyPath: m_LocalRotation.w
      value: 1
      objectReference: {fileID: 0}
    - target: {fileID: 8979310983173292328, guid: eda3a9096a100674abfa7ee62060d8d7,
        type: 3}
      propertyPath: m_RootOrder
      value: 2
      objectReference: {fileID: 0}
    - target: {fileID: 8979310983173292328, guid: eda3a9096a100674abfa7ee62060d8d7,
        type: 3}
      propertyPath: m_LocalEulerAnglesHint.x
      value: 0
      objectReference: {fileID: 0}
    - target: {fileID: 8979310983173292328, guid: eda3a9096a100674abfa7ee62060d8d7,
        type: 3}
      propertyPath: m_LocalEulerAnglesHint.y
      value: 0
      objectReference: {fileID: 0}
    - target: {fileID: 8979310983173292328, guid: eda3a9096a100674abfa7ee62060d8d7,
        type: 3}
      propertyPath: m_LocalEulerAnglesHint.z
      value: 0
      objectReference: {fileID: 0}
    - target: {fileID: 5679206685560858977, guid: eda3a9096a100674abfa7ee62060d8d7,
        type: 3}
      propertyPath: player
      value: 
      objectReference: {fileID: 1769701181}
    - target: {fileID: 5679206685560858977, guid: eda3a9096a100674abfa7ee62060d8d7,
        type: 3}
      propertyPath: GameEnding
      value: 
      objectReference: {fileID: 1876312842}
    - target: {fileID: 2829566307871396747, guid: eda3a9096a100674abfa7ee62060d8d7,
        type: 3}
      propertyPath: waypoints.Array.size
      value: 4
      objectReference: {fileID: 0}
    - target: {fileID: 2829566307871396747, guid: eda3a9096a100674abfa7ee62060d8d7,
        type: 3}
      propertyPath: NavMeshAgent
      value: 
      objectReference: {fileID: 1305480956}
    - target: {fileID: 2829566307871396747, guid: eda3a9096a100674abfa7ee62060d8d7,
        type: 3}
      propertyPath: waypoints.Array.data[0]
      value: 
      objectReference: {fileID: 759945989}
    - target: {fileID: 2829566307871396747, guid: eda3a9096a100674abfa7ee62060d8d7,
        type: 3}
      propertyPath: waypoints.Array.data[1]
      value: 
      objectReference: {fileID: 2044385858}
    - target: {fileID: 2829566307871396747, guid: eda3a9096a100674abfa7ee62060d8d7,
        type: 3}
      propertyPath: waypoints.Array.data[2]
      value: 
      objectReference: {fileID: 218463400}
    - target: {fileID: 2829566307871396747, guid: eda3a9096a100674abfa7ee62060d8d7,
        type: 3}
      propertyPath: waypoints.Array.data[3]
      value: 
      objectReference: {fileID: 219986458}
    m_RemovedComponents: []
  m_SourcePrefab: {fileID: 100100000, guid: eda3a9096a100674abfa7ee62060d8d7, type: 3}
--- !u!195 &1305480956 stripped
NavMeshAgent:
  m_CorrespondingSourceObject: {fileID: 2990109391484423729, guid: eda3a9096a100674abfa7ee62060d8d7,
    type: 3}
  m_PrefabInstance: {fileID: 1305480955}
  m_PrefabAsset: {fileID: 0}
--- !u!4 &1305480957 stripped
Transform:
  m_CorrespondingSourceObject: {fileID: 8979310983173292328, guid: eda3a9096a100674abfa7ee62060d8d7,
    type: 3}
  m_PrefabInstance: {fileID: 1305480955}
  m_PrefabAsset: {fileID: 0}
--- !u!1 &1311323960
GameObject:
  m_ObjectHideFlags: 0
  m_CorrespondingSourceObject: {fileID: 0}
  m_PrefabInstance: {fileID: 0}
  m_PrefabAsset: {fileID: 0}
  serializedVersion: 6
  m_Component:
  - component: {fileID: 1311323961}
  - component: {fileID: 1311323962}
  m_Layer: 0
  m_Name: Escape
  m_TagString: Untagged
  m_Icon: {fileID: 0}
  m_NavMeshLayer: 0
  m_StaticEditorFlags: 0
  m_IsActive: 1
--- !u!4 &1311323961
Transform:
  m_ObjectHideFlags: 0
  m_CorrespondingSourceObject: {fileID: 0}
  m_PrefabInstance: {fileID: 0}
  m_PrefabAsset: {fileID: 0}
  m_GameObject: {fileID: 1311323960}
  m_LocalRotation: {x: -0, y: -0, z: -0, w: 1}
  m_LocalPosition: {x: 1.4273092, y: 9.234905, z: 0.33427238}
  m_LocalScale: {x: 1, y: 1, z: 1}
  m_Children: []
  m_Father: {fileID: 145853629}
  m_RootOrder: 2
  m_LocalEulerAnglesHint: {x: 0, y: 0, z: 0}
--- !u!82 &1311323962
AudioSource:
  m_ObjectHideFlags: 0
  m_CorrespondingSourceObject: {fileID: 0}
  m_PrefabInstance: {fileID: 0}
  m_PrefabAsset: {fileID: 0}
  m_GameObject: {fileID: 1311323960}
  m_Enabled: 1
  serializedVersion: 4
  OutputAudioMixerGroup: {fileID: 0}
  m_audioClip: {fileID: 8300000, guid: c0f716a9e9ac00c438b95158ba195a58, type: 3}
  m_PlayOnAwake: 0
  m_Volume: 1
  m_Pitch: 1
  Loop: 0
  Mute: 0
  Spatialize: 0
  SpatializePostEffects: 0
  Priority: 128
  DopplerLevel: 1
  MinDistance: 1
  MaxDistance: 500
  Pan2D: 0
  rolloffMode: 0
  BypassEffects: 0
  BypassListenerEffects: 0
  BypassReverbZones: 0
  rolloffCustomCurve:
    serializedVersion: 2
    m_Curve:
    - serializedVersion: 3
      time: 0
      value: 1
      inSlope: 0
      outSlope: 0
      tangentMode: 0
      weightedMode: 0
      inWeight: 0.33333334
      outWeight: 0.33333334
    - serializedVersion: 3
      time: 1
      value: 0
      inSlope: 0
      outSlope: 0
      tangentMode: 0
      weightedMode: 0
      inWeight: 0.33333334
      outWeight: 0.33333334
    m_PreInfinity: 2
    m_PostInfinity: 2
    m_RotationOrder: 4
  panLevelCustomCurve:
    serializedVersion: 2
    m_Curve:
    - serializedVersion: 3
      time: 0
      value: 0
      inSlope: 0
      outSlope: 0
      tangentMode: 0
      weightedMode: 0
      inWeight: 0.33333334
      outWeight: 0.33333334
    m_PreInfinity: 2
    m_PostInfinity: 2
    m_RotationOrder: 4
  spreadCustomCurve:
    serializedVersion: 2
    m_Curve:
    - serializedVersion: 3
      time: 0
      value: 0
      inSlope: 0
      outSlope: 0
      tangentMode: 0
      weightedMode: 0
      inWeight: 0.33333334
      outWeight: 0.33333334
    m_PreInfinity: 2
    m_PostInfinity: 2
    m_RotationOrder: 4
  reverbZoneMixCustomCurve:
    serializedVersion: 2
    m_Curve:
    - serializedVersion: 3
      time: 0
      value: 1
      inSlope: 0
      outSlope: 0
      tangentMode: 0
      weightedMode: 0
      inWeight: 0.33333334
      outWeight: 0.33333334
    m_PreInfinity: 2
    m_PostInfinity: 2
    m_RotationOrder: 4
--- !u!1 &1435818166
GameObject:
  m_ObjectHideFlags: 0
  m_CorrespondingSourceObject: {fileID: 0}
  m_PrefabInstance: {fileID: 0}
  m_PrefabAsset: {fileID: 0}
  serializedVersion: 6
  m_Component:
  - component: {fileID: 1435818167}
  - component: {fileID: 1435818169}
  - component: {fileID: 1435818168}
  m_Layer: 5
  m_Name: ExitImage
  m_TagString: Untagged
  m_Icon: {fileID: 0}
  m_NavMeshLayer: 0
  m_StaticEditorFlags: 0
  m_IsActive: 1
--- !u!224 &1435818167
RectTransform:
  m_ObjectHideFlags: 0
  m_CorrespondingSourceObject: {fileID: 0}
  m_PrefabInstance: {fileID: 0}
  m_PrefabAsset: {fileID: 0}
  m_GameObject: {fileID: 1435818166}
  m_LocalRotation: {x: 0, y: 0, z: 0, w: 1}
  m_LocalPosition: {x: 0, y: 0, z: 0}
  m_LocalScale: {x: 1, y: 1, z: 1}
  m_Children: []
  m_Father: {fileID: 214815795}
  m_RootOrder: 0
  m_LocalEulerAnglesHint: {x: 0, y: 0, z: 0}
  m_AnchorMin: {x: 0, y: 0}
  m_AnchorMax: {x: 1, y: 1}
  m_AnchoredPosition: {x: 0, y: 0}
  m_SizeDelta: {x: 0, y: 0}
  m_Pivot: {x: 0.5, y: 0.5}
--- !u!114 &1435818168
MonoBehaviour:
  m_ObjectHideFlags: 0
  m_CorrespondingSourceObject: {fileID: 0}
  m_PrefabInstance: {fileID: 0}
  m_PrefabAsset: {fileID: 0}
  m_GameObject: {fileID: 1435818166}
  m_Enabled: 1
  m_EditorHideFlags: 0
  m_Script: {fileID: 11500000, guid: fe87c0e1cc204ed48ad3b37840f39efc, type: 3}
  m_Name: 
  m_EditorClassIdentifier: 
  m_Material: {fileID: 0}
  m_Color: {r: 1, g: 1, b: 1, a: 1}
  m_RaycastTarget: 1
  m_OnCullStateChanged:
    m_PersistentCalls:
      m_Calls: []
    m_TypeName: UnityEngine.UI.MaskableGraphic+CullStateChangedEvent, UnityEngine.UI,
      Version=1.0.0.0, Culture=neutral, PublicKeyToken=null
  m_Sprite: {fileID: 21300000, guid: 623a7345ca6d38f4280b86c32ffe7c15, type: 3}
  m_Type: 0
  m_PreserveAspect: 1
  m_FillCenter: 1
  m_FillMethod: 4
  m_FillAmount: 1
  m_FillClockwise: 1
  m_FillOrigin: 0
  m_UseSpriteMesh: 0
  m_PixelsPerUnitMultiplier: 1
--- !u!222 &1435818169
CanvasRenderer:
  m_ObjectHideFlags: 0
  m_CorrespondingSourceObject: {fileID: 0}
  m_PrefabInstance: {fileID: 0}
  m_PrefabAsset: {fileID: 0}
  m_GameObject: {fileID: 1435818166}
  m_CullTransparentMesh: 0
--- !u!1001 &1607337874
PrefabInstance:
  m_ObjectHideFlags: 0
  serializedVersion: 2
  m_Modification:
    m_TransformParent: {fileID: 2121174630}
    m_Modifications:
    - target: {fileID: 3189835219927106078, guid: 33b6c06b591770d4582bdc2ded70ac33,
        type: 3}
      propertyPath: m_Name
      value: Shadow (2)
      objectReference: {fileID: 0}
    - target: {fileID: 3189835219927106074, guid: 33b6c06b591770d4582bdc2ded70ac33,
        type: 3}
      propertyPath: m_LocalPosition.x
      value: 11.82
      objectReference: {fileID: 0}
    - target: {fileID: 3189835219927106074, guid: 33b6c06b591770d4582bdc2ded70ac33,
        type: 3}
      propertyPath: m_LocalPosition.y
      value: 3.2713861
      objectReference: {fileID: 0}
    - target: {fileID: 3189835219927106074, guid: 33b6c06b591770d4582bdc2ded70ac33,
        type: 3}
      propertyPath: m_LocalPosition.z
      value: 3.77
      objectReference: {fileID: 0}
    - target: {fileID: 3189835219927106074, guid: 33b6c06b591770d4582bdc2ded70ac33,
        type: 3}
      propertyPath: m_LocalRotation.x
      value: -0
      objectReference: {fileID: 0}
    - target: {fileID: 3189835219927106074, guid: 33b6c06b591770d4582bdc2ded70ac33,
        type: 3}
      propertyPath: m_LocalRotation.y
      value: -0
      objectReference: {fileID: 0}
    - target: {fileID: 3189835219927106074, guid: 33b6c06b591770d4582bdc2ded70ac33,
        type: 3}
      propertyPath: m_LocalRotation.z
      value: -0
      objectReference: {fileID: 0}
    - target: {fileID: 3189835219927106074, guid: 33b6c06b591770d4582bdc2ded70ac33,
        type: 3}
      propertyPath: m_LocalRotation.w
      value: 1
      objectReference: {fileID: 0}
    - target: {fileID: 3189835219927106074, guid: 33b6c06b591770d4582bdc2ded70ac33,
        type: 3}
      propertyPath: m_RootOrder
      value: 2
      objectReference: {fileID: 0}
    - target: {fileID: 3189835219927106074, guid: 33b6c06b591770d4582bdc2ded70ac33,
        type: 3}
      propertyPath: m_LocalEulerAnglesHint.x
      value: 0
      objectReference: {fileID: 0}
    - target: {fileID: 3189835219927106074, guid: 33b6c06b591770d4582bdc2ded70ac33,
        type: 3}
      propertyPath: m_LocalEulerAnglesHint.y
      value: 0
      objectReference: {fileID: 0}
    - target: {fileID: 3189835219927106074, guid: 33b6c06b591770d4582bdc2ded70ac33,
        type: 3}
      propertyPath: m_LocalEulerAnglesHint.z
      value: 0
      objectReference: {fileID: 0}
    m_RemovedComponents: []
  m_SourcePrefab: {fileID: 100100000, guid: 33b6c06b591770d4582bdc2ded70ac33, type: 3}
--- !u!4 &1607337875 stripped
Transform:
  m_CorrespondingSourceObject: {fileID: 3189835219927106074, guid: 33b6c06b591770d4582bdc2ded70ac33,
    type: 3}
  m_PrefabInstance: {fileID: 1607337874}
  m_PrefabAsset: {fileID: 0}
--- !u!1 &1610324644
GameObject:
  m_ObjectHideFlags: 0
  m_CorrespondingSourceObject: {fileID: 0}
  m_PrefabInstance: {fileID: 0}
  m_PrefabAsset: {fileID: 0}
  serializedVersion: 6
  m_Component:
  - component: {fileID: 1610324646}
  - component: {fileID: 1610324645}
  m_Layer: 5
  m_Name: FaderCanvas
  m_TagString: Untagged
  m_Icon: {fileID: 0}
  m_NavMeshLayer: 0
  m_StaticEditorFlags: 0
  m_IsActive: 1
--- !u!223 &1610324645
Canvas:
  m_ObjectHideFlags: 0
  m_CorrespondingSourceObject: {fileID: 0}
  m_PrefabInstance: {fileID: 0}
  m_PrefabAsset: {fileID: 0}
  m_GameObject: {fileID: 1610324644}
  m_Enabled: 1
  serializedVersion: 3
  m_RenderMode: 0
  m_Camera: {fileID: 0}
  m_PlaneDistance: 100
  m_PixelPerfect: 0
  m_ReceivesEvents: 1
  m_OverrideSorting: 0
  m_OverridePixelPerfect: 0
  m_SortingBucketNormalizedSize: 0
  m_AdditionalShaderChannelsFlag: 0
  m_SortingLayerID: 0
  m_SortingOrder: 0
  m_TargetDisplay: 0
--- !u!224 &1610324646
RectTransform:
  m_ObjectHideFlags: 0
  m_CorrespondingSourceObject: {fileID: 0}
  m_PrefabInstance: {fileID: 0}
  m_PrefabAsset: {fileID: 0}
  m_GameObject: {fileID: 1610324644}
  m_LocalRotation: {x: 0, y: 0, z: 0, w: 1}
  m_LocalPosition: {x: 0, y: 0, z: 0}
  m_LocalScale: {x: 0, y: 0, z: 0}
  m_Children:
  - {fileID: 214815795}
  - {fileID: 56621239}
  m_Father: {fileID: 0}
  m_RootOrder: 4
  m_LocalEulerAnglesHint: {x: 0, y: 0, z: 0}
  m_AnchorMin: {x: 0, y: 0}
  m_AnchorMax: {x: 0, y: 0}
  m_AnchoredPosition: {x: 0, y: 0}
  m_SizeDelta: {x: 0, y: 0}
  m_Pivot: {x: 0, y: 0}
--- !u!1 &1612713709
GameObject:
  m_ObjectHideFlags: 0
  m_CorrespondingSourceObject: {fileID: 0}
  m_PrefabInstance: {fileID: 0}
  m_PrefabAsset: {fileID: 0}
  serializedVersion: 6
  m_Component:
  - component: {fileID: 1612713710}
  - component: {fileID: 1612713711}
  m_Layer: 0
  m_Name: Ambient
  m_TagString: Untagged
  m_Icon: {fileID: 0}
  m_NavMeshLayer: 0
  m_StaticEditorFlags: 0
  m_IsActive: 1
--- !u!4 &1612713710
Transform:
  m_ObjectHideFlags: 0
  m_CorrespondingSourceObject: {fileID: 0}
  m_PrefabInstance: {fileID: 0}
  m_PrefabAsset: {fileID: 0}
  m_GameObject: {fileID: 1612713709}
  m_LocalRotation: {x: -0, y: -0, z: -0, w: 1}
  m_LocalPosition: {x: 1.4273092, y: 9.234905, z: 0.33427238}
  m_LocalScale: {x: 1, y: 1, z: 1}
  m_Children: []
  m_Father: {fileID: 145853629}
  m_RootOrder: 0
  m_LocalEulerAnglesHint: {x: 0, y: 0, z: 0}
--- !u!82 &1612713711
AudioSource:
  m_ObjectHideFlags: 0
  m_CorrespondingSourceObject: {fileID: 0}
  m_PrefabInstance: {fileID: 0}
  m_PrefabAsset: {fileID: 0}
  m_GameObject: {fileID: 1612713709}
  m_Enabled: 1
  serializedVersion: 4
  OutputAudioMixerGroup: {fileID: 0}
  m_audioClip: {fileID: 8300000, guid: 205287722f2b6b64583b86d65fdeeb11, type: 3}
  m_PlayOnAwake: 1
  m_Volume: 0.5
  m_Pitch: 1
  Loop: 1
  Mute: 0
  Spatialize: 0
  SpatializePostEffects: 0
  Priority: 128
  DopplerLevel: 1
  MinDistance: 1
  MaxDistance: 500
  Pan2D: 0
  rolloffMode: 0
  BypassEffects: 0
  BypassListenerEffects: 0
  BypassReverbZones: 0
  rolloffCustomCurve:
    serializedVersion: 2
    m_Curve:
    - serializedVersion: 3
      time: 0
      value: 1
      inSlope: 0
      outSlope: 0
      tangentMode: 0
      weightedMode: 0
      inWeight: 0.33333334
      outWeight: 0.33333334
    - serializedVersion: 3
      time: 1
      value: 0
      inSlope: 0
      outSlope: 0
      tangentMode: 0
      weightedMode: 0
      inWeight: 0.33333334
      outWeight: 0.33333334
    m_PreInfinity: 2
    m_PostInfinity: 2
    m_RotationOrder: 4
  panLevelCustomCurve:
    serializedVersion: 2
    m_Curve:
    - serializedVersion: 3
      time: 0
      value: 0
      inSlope: 0
      outSlope: 0
      tangentMode: 0
      weightedMode: 0
      inWeight: 0.33333334
      outWeight: 0.33333334
    m_PreInfinity: 2
    m_PostInfinity: 2
    m_RotationOrder: 4
  spreadCustomCurve:
    serializedVersion: 2
    m_Curve:
    - serializedVersion: 3
      time: 0
      value: 0
      inSlope: 0
      outSlope: 0
      tangentMode: 0
      weightedMode: 0
      inWeight: 0.33333334
      outWeight: 0.33333334
    m_PreInfinity: 2
    m_PostInfinity: 2
    m_RotationOrder: 4
  reverbZoneMixCustomCurve:
    serializedVersion: 2
    m_Curve:
    - serializedVersion: 3
      time: 0
      value: 1
      inSlope: 0
      outSlope: 0
      tangentMode: 0
      weightedMode: 0
      inWeight: 0.33333334
      outWeight: 0.33333334
    m_PreInfinity: 2
    m_PostInfinity: 2
    m_RotationOrder: 4
--- !u!1 &1623235993
GameObject:
  m_ObjectHideFlags: 0
  m_CorrespondingSourceObject: {fileID: 0}
  m_PrefabInstance: {fileID: 0}
  m_PrefabAsset: {fileID: 0}
  serializedVersion: 6
  m_Component:
  - component: {fileID: 1623235994}
  m_Layer: 0
  m_Name: Waypoint (3)
  m_TagString: Untagged
  m_Icon: {fileID: 5721338939258241955, guid: 0000000000000000d000000000000000, type: 0}
  m_NavMeshLayer: 0
  m_StaticEditorFlags: 0
  m_IsActive: 1
--- !u!4 &1623235994
Transform:
  m_ObjectHideFlags: 0
  m_CorrespondingSourceObject: {fileID: 0}
  m_PrefabInstance: {fileID: 0}
  m_PrefabAsset: {fileID: 0}
  m_GameObject: {fileID: 1623235993}
  m_LocalRotation: {x: -0, y: -0, z: -0, w: 1}
  m_LocalPosition: {x: 5.9374332, y: 2.1165993, z: -1.5641156}
  m_LocalScale: {x: 1, y: 1, z: 1}
  m_Children: []
  m_Father: {fileID: 166693336}
  m_RootOrder: 3
  m_LocalEulerAnglesHint: {x: 0, y: 0, z: 0}
--- !u!1 &1631880021
GameObject:
  m_ObjectHideFlags: 0
  m_CorrespondingSourceObject: {fileID: 0}
  m_PrefabInstance: {fileID: 0}
  m_PrefabAsset: {fileID: 0}
  serializedVersion: 6
  m_Component:
  - component: {fileID: 1631880022}
  - component: {fileID: 1631880024}
  - component: {fileID: 1631880023}
  m_Layer: 5
  m_Name: CaughtImage
  m_TagString: Untagged
  m_Icon: {fileID: 0}
  m_NavMeshLayer: 0
  m_StaticEditorFlags: 0
  m_IsActive: 1
--- !u!224 &1631880022
RectTransform:
  m_ObjectHideFlags: 0
  m_CorrespondingSourceObject: {fileID: 0}
  m_PrefabInstance: {fileID: 0}
  m_PrefabAsset: {fileID: 0}
  m_GameObject: {fileID: 1631880021}
  m_LocalRotation: {x: 0, y: 0, z: 0, w: 1}
  m_LocalPosition: {x: 0, y: 0, z: 0}
  m_LocalScale: {x: 1, y: 1, z: 1}
  m_Children: []
  m_Father: {fileID: 56621239}
  m_RootOrder: 0
  m_LocalEulerAnglesHint: {x: 0, y: 0, z: 0}
  m_AnchorMin: {x: 0, y: 0}
  m_AnchorMax: {x: 1, y: 1}
  m_AnchoredPosition: {x: 0, y: 0}
  m_SizeDelta: {x: 0, y: 0}
  m_Pivot: {x: 0.5, y: 0.5}
--- !u!114 &1631880023
MonoBehaviour:
  m_ObjectHideFlags: 0
  m_CorrespondingSourceObject: {fileID: 0}
  m_PrefabInstance: {fileID: 0}
  m_PrefabAsset: {fileID: 0}
  m_GameObject: {fileID: 1631880021}
  m_Enabled: 1
  m_EditorHideFlags: 0
  m_Script: {fileID: 11500000, guid: fe87c0e1cc204ed48ad3b37840f39efc, type: 3}
  m_Name: 
  m_EditorClassIdentifier: 
  m_Material: {fileID: 0}
  m_Color: {r: 1, g: 1, b: 1, a: 1}
  m_RaycastTarget: 1
  m_OnCullStateChanged:
    m_PersistentCalls:
      m_Calls: []
    m_TypeName: UnityEngine.UI.MaskableGraphic+CullStateChangedEvent, UnityEngine.UI,
      Version=1.0.0.0, Culture=neutral, PublicKeyToken=null
  m_Sprite: {fileID: 21300000, guid: 85d46c7add1129741a0d78fadba6998e, type: 3}
  m_Type: 0
  m_PreserveAspect: 1
  m_FillCenter: 1
  m_FillMethod: 4
  m_FillAmount: 1
  m_FillClockwise: 1
  m_FillOrigin: 0
  m_UseSpriteMesh: 0
  m_PixelsPerUnitMultiplier: 1
--- !u!222 &1631880024
CanvasRenderer:
  m_ObjectHideFlags: 0
  m_CorrespondingSourceObject: {fileID: 0}
  m_PrefabInstance: {fileID: 0}
  m_PrefabAsset: {fileID: 0}
  m_GameObject: {fileID: 1631880021}
  m_CullTransparentMesh: 0
--- !u!1 &1645533141
GameObject:
  m_ObjectHideFlags: 0
  m_CorrespondingSourceObject: {fileID: 0}
  m_PrefabInstance: {fileID: 0}
  m_PrefabAsset: {fileID: 0}
  serializedVersion: 6
  m_Component:
  - component: {fileID: 1645533142}
  m_Layer: 0
  m_Name: Waypoint (1)
  m_TagString: Untagged
  m_Icon: {fileID: 5721338939258241955, guid: 0000000000000000d000000000000000, type: 0}
  m_NavMeshLayer: 0
  m_StaticEditorFlags: 0
  m_IsActive: 1
--- !u!4 &1645533142
Transform:
  m_ObjectHideFlags: 0
  m_CorrespondingSourceObject: {fileID: 0}
  m_PrefabInstance: {fileID: 0}
  m_PrefabAsset: {fileID: 0}
  m_GameObject: {fileID: 1645533141}
  m_LocalRotation: {x: -0, y: -0, z: -0, w: 1}
  m_LocalPosition: {x: -0.46256685, y: 2.1165993, z: -2.5641155}
  m_LocalScale: {x: 1, y: 1, z: 1}
  m_Children: []
  m_Father: {fileID: 166693336}
  m_RootOrder: 1
  m_LocalEulerAnglesHint: {x: 0, y: 0, z: 0}
--- !u!1001 &1656147649
PrefabInstance:
  m_ObjectHideFlags: 0
  serializedVersion: 2
  m_Modification:
    m_TransformParent: {fileID: 1121182387}
    m_Modifications:
    - target: {fileID: 8979310983172939016, guid: eda3a9096a100674abfa7ee62060d8d7,
        type: 3}
      propertyPath: m_Name
      value: Ghost
      objectReference: {fileID: 0}
    - target: {fileID: 8979310983173292328, guid: eda3a9096a100674abfa7ee62060d8d7,
        type: 3}
      propertyPath: m_LocalPosition.x
      value: 12.437433
      objectReference: {fileID: 0}
    - target: {fileID: 8979310983173292328, guid: eda3a9096a100674abfa7ee62060d8d7,
        type: 3}
      propertyPath: m_LocalPosition.y
      value: 2.1165993
      objectReference: {fileID: 0}
    - target: {fileID: 8979310983173292328, guid: eda3a9096a100674abfa7ee62060d8d7,
        type: 3}
      propertyPath: m_LocalPosition.z
      value: -1.0641156
      objectReference: {fileID: 0}
    - target: {fileID: 8979310983173292328, guid: eda3a9096a100674abfa7ee62060d8d7,
        type: 3}
      propertyPath: m_LocalRotation.x
      value: -0
      objectReference: {fileID: 0}
    - target: {fileID: 8979310983173292328, guid: eda3a9096a100674abfa7ee62060d8d7,
        type: 3}
      propertyPath: m_LocalRotation.y
      value: -0
      objectReference: {fileID: 0}
    - target: {fileID: 8979310983173292328, guid: eda3a9096a100674abfa7ee62060d8d7,
        type: 3}
      propertyPath: m_LocalRotation.z
      value: -0
      objectReference: {fileID: 0}
    - target: {fileID: 8979310983173292328, guid: eda3a9096a100674abfa7ee62060d8d7,
        type: 3}
      propertyPath: m_LocalRotation.w
      value: 1
      objectReference: {fileID: 0}
    - target: {fileID: 8979310983173292328, guid: eda3a9096a100674abfa7ee62060d8d7,
        type: 3}
      propertyPath: m_RootOrder
      value: 3
      objectReference: {fileID: 0}
    - target: {fileID: 8979310983173292328, guid: eda3a9096a100674abfa7ee62060d8d7,
        type: 3}
      propertyPath: m_LocalEulerAnglesHint.x
      value: 0
      objectReference: {fileID: 0}
    - target: {fileID: 8979310983173292328, guid: eda3a9096a100674abfa7ee62060d8d7,
        type: 3}
      propertyPath: m_LocalEulerAnglesHint.y
      value: 0
      objectReference: {fileID: 0}
    - target: {fileID: 8979310983173292328, guid: eda3a9096a100674abfa7ee62060d8d7,
        type: 3}
      propertyPath: m_LocalEulerAnglesHint.z
      value: 0
      objectReference: {fileID: 0}
    - target: {fileID: 5679206685560858977, guid: eda3a9096a100674abfa7ee62060d8d7,
        type: 3}
      propertyPath: player
      value: 
      objectReference: {fileID: 1769701181}
    - target: {fileID: 5679206685560858977, guid: eda3a9096a100674abfa7ee62060d8d7,
        type: 3}
      propertyPath: GameEnding
      value: 
      objectReference: {fileID: 1876312842}
    - target: {fileID: 2829566307871396747, guid: eda3a9096a100674abfa7ee62060d8d7,
        type: 3}
      propertyPath: waypoints.Array.size
      value: 2
      objectReference: {fileID: 0}
    - target: {fileID: 2829566307871396747, guid: eda3a9096a100674abfa7ee62060d8d7,
        type: 3}
      propertyPath: NavMeshAgent
      value: 
      objectReference: {fileID: 1656147650}
    - target: {fileID: 2829566307871396747, guid: eda3a9096a100674abfa7ee62060d8d7,
        type: 3}
      propertyPath: waypoints.Array.data[0]
      value: 
      objectReference: {fileID: 332073582}
    - target: {fileID: 2829566307871396747, guid: eda3a9096a100674abfa7ee62060d8d7,
        type: 3}
      propertyPath: waypoints.Array.data[1]
      value: 
      objectReference: {fileID: 1737114876}
    m_RemovedComponents: []
  m_SourcePrefab: {fileID: 100100000, guid: eda3a9096a100674abfa7ee62060d8d7, type: 3}
--- !u!195 &1656147650 stripped
NavMeshAgent:
  m_CorrespondingSourceObject: {fileID: 2990109391484423729, guid: eda3a9096a100674abfa7ee62060d8d7,
    type: 3}
  m_PrefabInstance: {fileID: 1656147649}
  m_PrefabAsset: {fileID: 0}
--- !u!4 &1656147651 stripped
Transform:
  m_CorrespondingSourceObject: {fileID: 8979310983173292328, guid: eda3a9096a100674abfa7ee62060d8d7,
    type: 3}
  m_PrefabInstance: {fileID: 1656147649}
  m_PrefabAsset: {fileID: 0}
--- !u!1 &1710232526
GameObject:
  m_ObjectHideFlags: 0
  m_CorrespondingSourceObject: {fileID: 0}
  m_PrefabInstance: {fileID: 0}
  m_PrefabAsset: {fileID: 0}
  serializedVersion: 6
  m_Component:
  - component: {fileID: 1710232528}
  - component: {fileID: 1710232527}
  m_Layer: 0
  m_Name: VirtualCamera
  m_TagString: Untagged
  m_Icon: {fileID: 0}
  m_NavMeshLayer: 0
  m_StaticEditorFlags: 0
  m_IsActive: 1
--- !u!114 &1710232527
MonoBehaviour:
  m_ObjectHideFlags: 0
  m_CorrespondingSourceObject: {fileID: 0}
  m_PrefabInstance: {fileID: 0}
  m_PrefabAsset: {fileID: 0}
  m_GameObject: {fileID: 1710232526}
  m_Enabled: 1
  m_EditorHideFlags: 0
  m_Script: {fileID: 11500000, guid: 45e653bab7fb20e499bda25e1b646fea, type: 3}
  m_Name: 
  m_EditorClassIdentifier: 
  m_ExcludedPropertiesInInspector:
  - m_Script
  m_LockStageInInspector: 
  m_StreamingVersion: 20170927
  m_Priority: 10
  m_StandbyUpdate: 2
  m_LookAt: {fileID: 0}
  m_Follow: {fileID: 1769701181}
  m_Lens:
    FieldOfView: 40
    OrthographicSize: 10
    NearClipPlane: 0.1
    FarClipPlane: 5000
    Dutch: 0
    LensShift: {x: 0, y: 0}
  m_Transitions:
    m_BlendHint: 0
    m_InheritPosition: 0
    m_OnCameraLive:
      m_PersistentCalls:
        m_Calls: []
      m_TypeName: Cinemachine.CinemachineBrain+VcamActivatedEvent, Cinemachine, Version=0.0.0.0,
        Culture=neutral, PublicKeyToken=null
  m_LegacyBlendHint: 0
  m_ComponentOwner: {fileID: 2051816621}
--- !u!4 &1710232528
Transform:
  m_ObjectHideFlags: 0
  m_CorrespondingSourceObject: {fileID: 0}
  m_PrefabInstance: {fileID: 0}
  m_PrefabAsset: {fileID: 0}
  m_GameObject: {fileID: 1710232526}
  m_LocalRotation: {x: 0.38268343, y: 0, z: 0, w: 0.92387956}
  m_LocalPosition: {x: -9.8, y: 5.656854, z: -8.856854}
  m_LocalScale: {x: 1, y: 1, z: 1}
  m_Children:
  - {fileID: 2051816621}
  m_Father: {fileID: 0}
  m_RootOrder: 3
  m_LocalEulerAnglesHint: {x: 45, y: 0, z: 0}
--- !u!1 &1737114875
GameObject:
  m_ObjectHideFlags: 0
  m_CorrespondingSourceObject: {fileID: 0}
  m_PrefabInstance: {fileID: 0}
  m_PrefabAsset: {fileID: 0}
  serializedVersion: 6
  m_Component:
  - component: {fileID: 1737114876}
  m_Layer: 0
  m_Name: Waypoint (9)
  m_TagString: Untagged
  m_Icon: {fileID: 5721338939258241955, guid: 0000000000000000d000000000000000, type: 0}
  m_NavMeshLayer: 0
  m_StaticEditorFlags: 0
  m_IsActive: 1
--- !u!4 &1737114876
Transform:
  m_ObjectHideFlags: 0
  m_CorrespondingSourceObject: {fileID: 0}
  m_PrefabInstance: {fileID: 0}
  m_PrefabAsset: {fileID: 0}
  m_GameObject: {fileID: 1737114875}
  m_LocalRotation: {x: -0, y: -0, z: -0, w: 1}
  m_LocalPosition: {x: 12.437433, y: 2.1165993, z: -0.06411564}
  m_LocalScale: {x: 1, y: 1, z: 1}
  m_Children: []
  m_Father: {fileID: 166693336}
  m_RootOrder: 9
  m_LocalEulerAnglesHint: {x: 0, y: 0, z: 0}
--- !u!1001 &1769701180
PrefabInstance:
  m_ObjectHideFlags: 0
  serializedVersion: 2
  m_Modification:
    m_TransformParent: {fileID: 0}
    m_Modifications:
    - target: {fileID: 4985436386733434665, guid: 10ebd8378b0aae940b6dce5b74889696,
        type: 3}
      propertyPath: m_Name
      value: JohnLemon
      objectReference: {fileID: 0}
    - target: {fileID: 4985436386733210377, guid: 10ebd8378b0aae940b6dce5b74889696,
        type: 3}
      propertyPath: m_LocalPosition.x
      value: -9.8
      objectReference: {fileID: 0}
    - target: {fileID: 4985436386733210377, guid: 10ebd8378b0aae940b6dce5b74889696,
        type: 3}
      propertyPath: m_LocalPosition.y
      value: 0
      objectReference: {fileID: 0}
    - target: {fileID: 4985436386733210377, guid: 10ebd8378b0aae940b6dce5b74889696,
        type: 3}
      propertyPath: m_LocalPosition.z
      value: -3.2
      objectReference: {fileID: 0}
    - target: {fileID: 4985436386733210377, guid: 10ebd8378b0aae940b6dce5b74889696,
        type: 3}
      propertyPath: m_LocalRotation.x
      value: 0
      objectReference: {fileID: 0}
    - target: {fileID: 4985436386733210377, guid: 10ebd8378b0aae940b6dce5b74889696,
        type: 3}
      propertyPath: m_LocalRotation.y
      value: 0
      objectReference: {fileID: 0}
    - target: {fileID: 4985436386733210377, guid: 10ebd8378b0aae940b6dce5b74889696,
        type: 3}
      propertyPath: m_LocalRotation.z
      value: 0
      objectReference: {fileID: 0}
    - target: {fileID: 4985436386733210377, guid: 10ebd8378b0aae940b6dce5b74889696,
        type: 3}
      propertyPath: m_LocalRotation.w
      value: 1
      objectReference: {fileID: 0}
    - target: {fileID: 4985436386733210377, guid: 10ebd8378b0aae940b6dce5b74889696,
        type: 3}
      propertyPath: m_RootOrder
      value: 1
      objectReference: {fileID: 0}
    - target: {fileID: 4985436386733210377, guid: 10ebd8378b0aae940b6dce5b74889696,
        type: 3}
      propertyPath: m_LocalEulerAnglesHint.x
      value: 0
      objectReference: {fileID: 0}
    - target: {fileID: 4985436386733210377, guid: 10ebd8378b0aae940b6dce5b74889696,
        type: 3}
      propertyPath: m_LocalEulerAnglesHint.y
      value: 0
      objectReference: {fileID: 0}
    - target: {fileID: 4985436386733210377, guid: 10ebd8378b0aae940b6dce5b74889696,
        type: 3}
      propertyPath: m_LocalEulerAnglesHint.z
      value: 0
      objectReference: {fileID: 0}
    - target: {fileID: 297013225598637815, guid: 10ebd8378b0aae940b6dce5b74889696,
        type: 3}
      propertyPath: m_Intensity
      value: 1
      objectReference: {fileID: 0}
    - target: {fileID: 297013225598637815, guid: 10ebd8378b0aae940b6dce5b74889696,
        type: 3}
      propertyPath: m_DrawHalo
      value: 0
      objectReference: {fileID: 0}
    - target: {fileID: 8677450543236961352, guid: 10ebd8378b0aae940b6dce5b74889696,
        type: 3}
      propertyPath: m_Name
      value: Capture
      objectReference: {fileID: 0}
    - target: {fileID: 3692117646950615051, guid: 10ebd8378b0aae940b6dce5b74889696,
        type: 3}
      propertyPath: m_Name
      value: Capture
      objectReference: {fileID: 0}
    - target: {fileID: 1797049383273939692, guid: 10ebd8378b0aae940b6dce5b74889696,
        type: 3}
      propertyPath: enemy
      value: 
      objectReference: {fileID: 9065293137996443197}
    - target: {fileID: 1797049383273939692, guid: 10ebd8378b0aae940b6dce5b74889696,
        type: 3}
      propertyPath: GameEnding
      value: 
      objectReference: {fileID: 1876312842}
    - target: {fileID: 8172706187980242641, guid: 10ebd8378b0aae940b6dce5b74889696,
        type: 3}
      propertyPath: enemy
      value: 
      objectReference: {fileID: 8979310983173292328, guid: eda3a9096a100674abfa7ee62060d8d7,
        type: 3}
    - target: {fileID: 8172706187980242641, guid: 10ebd8378b0aae940b6dce5b74889696,
        type: 3}
      propertyPath: GameEnding
      value: 
      objectReference: {fileID: 1876312842}
    m_RemovedComponents: []
  m_SourcePrefab: {fileID: 100100000, guid: 10ebd8378b0aae940b6dce5b74889696, type: 3}
--- !u!4 &1769701181 stripped
Transform:
  m_CorrespondingSourceObject: {fileID: 4985436386733210377, guid: 10ebd8378b0aae940b6dce5b74889696,
    type: 3}
  m_PrefabInstance: {fileID: 1769701180}
  m_PrefabAsset: {fileID: 0}
--- !u!1 &1769701182 stripped
GameObject:
  m_CorrespondingSourceObject: {fileID: 8677450543236961352, guid: 10ebd8378b0aae940b6dce5b74889696,
    type: 3}
  m_PrefabInstance: {fileID: 1769701180}
  m_PrefabAsset: {fileID: 0}
--- !u!1 &1769701183 stripped
GameObject:
  m_CorrespondingSourceObject: {fileID: 3692117646950615051, guid: 10ebd8378b0aae940b6dce5b74889696,
    type: 3}
  m_PrefabInstance: {fileID: 1769701180}
  m_PrefabAsset: {fileID: 0}
--- !u!136 &1769701184
CapsuleCollider:
  m_ObjectHideFlags: 0
  m_CorrespondingSourceObject: {fileID: 0}
  m_PrefabInstance: {fileID: 0}
  m_PrefabAsset: {fileID: 0}
  m_GameObject: {fileID: 1769701182}
  m_Material: {fileID: 0}
  m_IsTrigger: 1
  m_Enabled: 1
  m_Radius: 0.8
  m_Height: 3
  m_Direction: 1
  m_Center: {x: -0.0000013709068, y: -0.0000009536743, z: -0.0000039041042}
--- !u!136 &1769701185
CapsuleCollider:
  m_ObjectHideFlags: 0
  m_CorrespondingSourceObject: {fileID: 0}
  m_PrefabInstance: {fileID: 0}
  m_PrefabAsset: {fileID: 0}
  m_GameObject: {fileID: 1769701183}
  m_Material: {fileID: 0}
  m_IsTrigger: 1
  m_Enabled: 1
  m_Radius: 0.8
  m_Height: 3
  m_Direction: 1
  m_Center: {x: -0.0000013709068, y: 0.0000009536743, z: -0.0000039041042}
--- !u!4 &1815868111 stripped
Transform:
  m_CorrespondingSourceObject: {fileID: 3189835219927106074, guid: 33b6c06b591770d4582bdc2ded70ac33,
    type: 3}
  m_PrefabInstance: {fileID: 3189835218786554015}
  m_PrefabAsset: {fileID: 0}
--- !u!1 &1833792580 stripped
GameObject:
  m_CorrespondingSourceObject: {fileID: 4985436386733434665, guid: 10ebd8378b0aae940b6dce5b74889696,
    type: 3}
  m_PrefabInstance: {fileID: 1769701180}
  m_PrefabAsset: {fileID: 0}
--- !u!1 &1876312841
GameObject:
  m_ObjectHideFlags: 0
  m_CorrespondingSourceObject: {fileID: 0}
  m_PrefabInstance: {fileID: 0}
  m_PrefabAsset: {fileID: 0}
  serializedVersion: 6
  m_Component:
  - component: {fileID: 1876312844}
  - component: {fileID: 1876312843}
  - component: {fileID: 1876312842}
  m_Layer: 0
  m_Name: GameEnding
  m_TagString: Untagged
  m_Icon: {fileID: 0}
  m_NavMeshLayer: 0
  m_StaticEditorFlags: 0
  m_IsActive: 1
--- !u!114 &1876312842
MonoBehaviour:
  m_ObjectHideFlags: 0
  m_CorrespondingSourceObject: {fileID: 0}
  m_PrefabInstance: {fileID: 0}
  m_PrefabAsset: {fileID: 0}
  m_GameObject: {fileID: 1876312841}
  m_Enabled: 1
  m_EditorHideFlags: 0
  m_Script: {fileID: 11500000, guid: 2baf22c54ac89b24bb5c41ed8671e059, type: 3}
  m_Name: 
  m_EditorClassIdentifier: 
  fadeDuration: 1
  displayImageDuration: 1
  player: {fileID: 1833792580}
  enemy: {fileID: 0}
  exitBackgroundImageCanvasGroup: {fileID: 214815796}
  caughtBackgroundImageCanvasGroup: {fileID: 56621236}
  exitAudio: {fileID: 1311323962}
  caughtAudio: {fileID: 822093827}
--- !u!65 &1876312843
BoxCollider:
  m_ObjectHideFlags: 0
  m_CorrespondingSourceObject: {fileID: 0}
  m_PrefabInstance: {fileID: 0}
  m_PrefabAsset: {fileID: 0}
  m_GameObject: {fileID: 1876312841}
  m_Material: {fileID: 0}
  m_IsTrigger: 1
  m_Enabled: 1
  serializedVersion: 2
  m_Size: {x: 1, y: 1, z: 3.5}
  m_Center: {x: 0, y: 0, z: 0}
--- !u!4 &1876312844
Transform:
  m_ObjectHideFlags: 0
  m_CorrespondingSourceObject: {fileID: 0}
  m_PrefabInstance: {fileID: 0}
  m_PrefabAsset: {fileID: 0}
  m_GameObject: {fileID: 1876312841}
  m_LocalRotation: {x: 0, y: 0, z: 0, w: 1}
  m_LocalPosition: {x: 18, y: 1, z: 1.5}
  m_LocalScale: {x: 1, y: 1, z: 1}
  m_Children: []
  m_Father: {fileID: 0}
  m_RootOrder: 5
  m_LocalEulerAnglesHint: {x: 0, y: 0, z: 0}
--- !u!1001 &1928399349
PrefabInstance:
  m_ObjectHideFlags: 0
  serializedVersion: 2
  m_Modification:
    m_TransformParent: {fileID: 2121174630}
    m_Modifications:
    - target: {fileID: 3189835219927106078, guid: 33b6c06b591770d4582bdc2ded70ac33,
        type: 3}
      propertyPath: m_Name
      value: Shadow (1)
      objectReference: {fileID: 0}
    - target: {fileID: 3189835219927106074, guid: 33b6c06b591770d4582bdc2ded70ac33,
        type: 3}
      propertyPath: m_LocalPosition.x
      value: 6.05
      objectReference: {fileID: 0}
    - target: {fileID: 3189835219927106074, guid: 33b6c06b591770d4582bdc2ded70ac33,
        type: 3}
      propertyPath: m_LocalPosition.y
      value: 3.2713861
      objectReference: {fileID: 0}
    - target: {fileID: 3189835219927106074, guid: 33b6c06b591770d4582bdc2ded70ac33,
        type: 3}
      propertyPath: m_LocalPosition.z
      value: 0.23
      objectReference: {fileID: 0}
    - target: {fileID: 3189835219927106074, guid: 33b6c06b591770d4582bdc2ded70ac33,
        type: 3}
      propertyPath: m_LocalRotation.x
      value: -0
      objectReference: {fileID: 0}
    - target: {fileID: 3189835219927106074, guid: 33b6c06b591770d4582bdc2ded70ac33,
        type: 3}
      propertyPath: m_LocalRotation.y
      value: -0
      objectReference: {fileID: 0}
    - target: {fileID: 3189835219927106074, guid: 33b6c06b591770d4582bdc2ded70ac33,
        type: 3}
      propertyPath: m_LocalRotation.z
      value: -0
      objectReference: {fileID: 0}
    - target: {fileID: 3189835219927106074, guid: 33b6c06b591770d4582bdc2ded70ac33,
        type: 3}
      propertyPath: m_LocalRotation.w
      value: 1
      objectReference: {fileID: 0}
    - target: {fileID: 3189835219927106074, guid: 33b6c06b591770d4582bdc2ded70ac33,
        type: 3}
      propertyPath: m_RootOrder
      value: 1
      objectReference: {fileID: 0}
    - target: {fileID: 3189835219927106074, guid: 33b6c06b591770d4582bdc2ded70ac33,
        type: 3}
      propertyPath: m_LocalEulerAnglesHint.x
      value: 0
      objectReference: {fileID: 0}
    - target: {fileID: 3189835219927106074, guid: 33b6c06b591770d4582bdc2ded70ac33,
        type: 3}
      propertyPath: m_LocalEulerAnglesHint.y
      value: 0
      objectReference: {fileID: 0}
    - target: {fileID: 3189835219927106074, guid: 33b6c06b591770d4582bdc2ded70ac33,
        type: 3}
      propertyPath: m_LocalEulerAnglesHint.z
      value: 0
      objectReference: {fileID: 0}
    m_RemovedComponents: []
  m_SourcePrefab: {fileID: 100100000, guid: 33b6c06b591770d4582bdc2ded70ac33, type: 3}
--- !u!4 &1928399350 stripped
Transform:
  m_CorrespondingSourceObject: {fileID: 3189835219927106074, guid: 33b6c06b591770d4582bdc2ded70ac33,
    type: 3}
  m_PrefabInstance: {fileID: 1928399349}
  m_PrefabAsset: {fileID: 0}
--- !u!1 &1933135549
GameObject:
  m_ObjectHideFlags: 0
  m_CorrespondingSourceObject: {fileID: 0}
  m_PrefabInstance: {fileID: 0}
  m_PrefabAsset: {fileID: 0}
  serializedVersion: 6
  m_Component:
  - component: {fileID: 1933135550}
  m_Layer: 0
  m_Name: Waypoint (2)
  m_TagString: Untagged
  m_Icon: {fileID: 5721338939258241955, guid: 0000000000000000d000000000000000, type: 0}
  m_NavMeshLayer: 0
  m_StaticEditorFlags: 0
  m_IsActive: 1
--- !u!4 &1933135550
Transform:
  m_ObjectHideFlags: 0
  m_CorrespondingSourceObject: {fileID: 0}
  m_PrefabInstance: {fileID: 0}
  m_PrefabAsset: {fileID: 0}
  m_GameObject: {fileID: 1933135549}
  m_LocalRotation: {x: -0, y: -0, z: -0, w: 1}
  m_LocalPosition: {x: 6.2374334, y: 2.1165993, z: 9.635884}
  m_LocalScale: {x: 1, y: 1, z: 1}
  m_Children: []
  m_Father: {fileID: 166693336}
  m_RootOrder: 2
  m_LocalEulerAnglesHint: {x: 0, y: 0, z: 0}
--- !u!4 &1982701954 stripped
Transform:
  m_CorrespondingSourceObject: {fileID: 6412350264869963671, guid: bb5015d909090504aad765bbd5618bbf,
    type: 3}
  m_PrefabInstance: {fileID: 989339876}
  m_PrefabAsset: {fileID: 0}
--- !u!1 &2004698149
GameObject:
  m_ObjectHideFlags: 0
  m_CorrespondingSourceObject: {fileID: 0}
  m_PrefabInstance: {fileID: 0}
  m_PrefabAsset: {fileID: 0}
  serializedVersion: 6
  m_Component:
  - component: {fileID: 2004698150}
  - component: {fileID: 2004698153}
  - component: {fileID: 2004698152}
  - component: {fileID: 2004698151}
  m_Layer: 0
  m_Name: Plane
  m_TagString: Untagged
  m_Icon: {fileID: 0}
  m_NavMeshLayer: 0
  m_StaticEditorFlags: 0
  m_IsActive: 1
--- !u!4 &2004698150
Transform:
  m_ObjectHideFlags: 0
  m_CorrespondingSourceObject: {fileID: 0}
  m_PrefabInstance: {fileID: 0}
  m_PrefabAsset: {fileID: 0}
  m_GameObject: {fileID: 2004698149}
  m_LocalRotation: {x: 0, y: 0, z: 0, w: 1}
  m_LocalPosition: {x: 0, y: 0, z: 0}
  m_LocalScale: {x: 10, y: 1, z: 10}
  m_Children: []
  m_Father: {fileID: 1038130961}
  m_RootOrder: 0
  m_LocalEulerAnglesHint: {x: 0, y: 0, z: 0}
--- !u!64 &2004698151
MeshCollider:
  m_ObjectHideFlags: 0
  m_CorrespondingSourceObject: {fileID: 0}
  m_PrefabInstance: {fileID: 0}
  m_PrefabAsset: {fileID: 0}
  m_GameObject: {fileID: 2004698149}
  m_Material: {fileID: 0}
  m_IsTrigger: 0
  m_Enabled: 1
  serializedVersion: 3
  m_Convex: 0
  m_CookingOptions: 14
  m_Mesh: {fileID: 10209, guid: 0000000000000000e000000000000000, type: 0}
--- !u!23 &2004698152
MeshRenderer:
  m_ObjectHideFlags: 0
  m_CorrespondingSourceObject: {fileID: 0}
  m_PrefabInstance: {fileID: 0}
  m_PrefabAsset: {fileID: 0}
  m_GameObject: {fileID: 2004698149}
  m_Enabled: 1
  m_CastShadows: 1
  m_ReceiveShadows: 1
  m_DynamicOccludee: 1
  m_MotionVectors: 1
  m_LightProbeUsage: 1
  m_ReflectionProbeUsage: 1
  m_RenderingLayerMask: 1
  m_RendererPriority: 0
  m_Materials:
  - {fileID: 10303, guid: 0000000000000000f000000000000000, type: 0}
  m_StaticBatchInfo:
    firstSubMesh: 0
    subMeshCount: 0
  m_StaticBatchRoot: {fileID: 0}
  m_ProbeAnchor: {fileID: 0}
  m_LightProbeVolumeOverride: {fileID: 0}
  m_ScaleInLightmap: 1
  m_ReceiveGI: 1
  m_PreserveUVs: 0
  m_IgnoreNormalsForChartDetection: 0
  m_ImportantGI: 0
  m_StitchLightmapSeams: 1
  m_SelectedEditorRenderState: 3
  m_MinimumChartSize: 4
  m_AutoUVMaxDistance: 0.5
  m_AutoUVMaxAngle: 89
  m_LightmapParameters: {fileID: 0}
  m_SortingLayerID: 0
  m_SortingLayer: 0
  m_SortingOrder: 0
--- !u!33 &2004698153
MeshFilter:
  m_ObjectHideFlags: 0
  m_CorrespondingSourceObject: {fileID: 0}
  m_PrefabInstance: {fileID: 0}
  m_PrefabAsset: {fileID: 0}
  m_GameObject: {fileID: 2004698149}
  m_Mesh: {fileID: 10209, guid: 0000000000000000e000000000000000, type: 0}
--- !u!1 &2044385857
GameObject:
  m_ObjectHideFlags: 0
  m_CorrespondingSourceObject: {fileID: 0}
  m_PrefabInstance: {fileID: 0}
  m_PrefabAsset: {fileID: 0}
  serializedVersion: 6
  m_Component:
  - component: {fileID: 2044385858}
  m_Layer: 0
  m_Name: Waypoint (5)
  m_TagString: Untagged
  m_Icon: {fileID: 5721338939258241955, guid: 0000000000000000d000000000000000, type: 0}
  m_NavMeshLayer: 0
  m_StaticEditorFlags: 0
  m_IsActive: 1
--- !u!4 &2044385858
Transform:
  m_ObjectHideFlags: 0
  m_CorrespondingSourceObject: {fileID: 0}
  m_PrefabInstance: {fileID: 0}
  m_PrefabAsset: {fileID: 0}
  m_GameObject: {fileID: 2044385857}
  m_LocalRotation: {x: -0, y: -0, z: -0, w: 1}
  m_LocalPosition: {x: 8.237433, y: 2.1165993, z: 14.235885}
  m_LocalScale: {x: 1, y: 1, z: 1}
  m_Children: []
  m_Father: {fileID: 166693336}
  m_RootOrder: 5
  m_LocalEulerAnglesHint: {x: 0, y: 0, z: 0}
--- !u!1 &2051816620
GameObject:
  m_ObjectHideFlags: 3
  m_CorrespondingSourceObject: {fileID: 0}
  m_PrefabInstance: {fileID: 0}
  m_PrefabAsset: {fileID: 0}
  serializedVersion: 6
  m_Component:
  - component: {fileID: 2051816621}
  - component: {fileID: 2051816623}
  - component: {fileID: 2051816622}
  m_Layer: 0
  m_Name: cm
  m_TagString: Untagged
  m_Icon: {fileID: 0}
  m_NavMeshLayer: 0
  m_StaticEditorFlags: 0
  m_IsActive: 1
--- !u!4 &2051816621
Transform:
  m_ObjectHideFlags: 3
  m_CorrespondingSourceObject: {fileID: 0}
  m_PrefabInstance: {fileID: 0}
  m_PrefabAsset: {fileID: 0}
  m_GameObject: {fileID: 2051816620}
  m_LocalRotation: {x: -0, y: -0, z: -0, w: 1}
  m_LocalPosition: {x: 9.8, y: -0.7138002, z: 3.2}
  m_LocalScale: {x: 1, y: 1, z: 1}
  m_Children: []
  m_Father: {fileID: 1710232528}
  m_RootOrder: 0
  m_LocalEulerAnglesHint: {x: 0, y: 0, z: 0}
--- !u!114 &2051816622
MonoBehaviour:
  m_ObjectHideFlags: 3
  m_CorrespondingSourceObject: {fileID: 0}
  m_PrefabInstance: {fileID: 0}
  m_PrefabAsset: {fileID: 0}
  m_GameObject: {fileID: 2051816620}
  m_Enabled: 1
  m_EditorHideFlags: 0
  m_Script: {fileID: 11500000, guid: 6ad980451443d70438faac0bc6c235a0, type: 3}
  m_Name: 
  m_EditorClassIdentifier: 
  m_LookaheadTime: 0
  m_LookaheadSmoothing: 10
  m_LookaheadIgnoreY: 0
  m_XDamping: 1
  m_YDamping: 1
  m_ZDamping: 1
  m_ScreenX: 0.5
  m_ScreenY: 0.5
  m_CameraDistance: 8
  m_DeadZoneWidth: 0
  m_DeadZoneHeight: 0
  m_DeadZoneDepth: 0
  m_UnlimitedSoftZone: 0
  m_SoftZoneWidth: 0.8
  m_SoftZoneHeight: 0.8
  m_BiasX: 0
  m_BiasY: 0
  m_CenterOnActivate: 1
  m_GroupFramingMode: 2
  m_AdjustmentMode: 2
  m_GroupFramingSize: 0.8
  m_MaxDollyIn: 5000
  m_MaxDollyOut: 5000
  m_MinimumDistance: 1
  m_MaximumDistance: 5000
  m_MinimumFOV: 3
  m_MaximumFOV: 60
  m_MinimumOrthoSize: 1
  m_MaximumOrthoSize: 5000
--- !u!114 &2051816623
MonoBehaviour:
  m_ObjectHideFlags: 3
  m_CorrespondingSourceObject: {fileID: 0}
  m_PrefabInstance: {fileID: 0}
  m_PrefabAsset: {fileID: 0}
  m_GameObject: {fileID: 2051816620}
  m_Enabled: 1
  m_EditorHideFlags: 0
  m_Script: {fileID: 11500000, guid: ac0b09e7857660247b1477e93731de29, type: 3}
  m_Name: 
  m_EditorClassIdentifier: 
--- !u!1 &2121174629
GameObject:
  m_ObjectHideFlags: 0
  m_CorrespondingSourceObject: {fileID: 0}
  m_PrefabInstance: {fileID: 0}
  m_PrefabAsset: {fileID: 0}
  serializedVersion: 6
  m_Component:
  - component: {fileID: 2121174630}
  - component: {fileID: 2121174631}
  m_Layer: 0
  m_Name: Shadows
  m_TagString: Untagged
  m_Icon: {fileID: 0}
  m_NavMeshLayer: 0
  m_StaticEditorFlags: 0
  m_IsActive: 1
--- !u!4 &2121174630
Transform:
  m_ObjectHideFlags: 0
  m_CorrespondingSourceObject: {fileID: 0}
  m_PrefabInstance: {fileID: 0}
  m_PrefabAsset: {fileID: 0}
  m_GameObject: {fileID: 2121174629}
  m_LocalRotation: {x: 0, y: 0, z: 0, w: 1}
  m_LocalPosition: {x: -9.542503, y: -2.2713861, z: 5.207479}
  m_LocalScale: {x: 1, y: 1, z: 1}
  m_Children:
  - {fileID: 1815868111}
  - {fileID: 1928399350}
  - {fileID: 1607337875}
  - {fileID: 167096205}
  m_Father: {fileID: 0}
  m_RootOrder: 10
  m_LocalEulerAnglesHint: {x: 0, y: 0, z: 0}
--- !u!114 &2121174631
MonoBehaviour:
  m_ObjectHideFlags: 0
  m_CorrespondingSourceObject: {fileID: 0}
  m_PrefabInstance: {fileID: 0}
  m_PrefabAsset: {fileID: 0}
  m_GameObject: {fileID: 2121174629}
  m_Enabled: 1
  m_EditorHideFlags: 0
  m_Script: {fileID: 11500000, guid: 0346ab568ac98da4b89b621d6c3ffd5a, type: 3}
  m_Name: 
  m_EditorClassIdentifier: 
  Shadow: {fileID: 2121174629}
--- !u!1001 &95296699951394581
PrefabInstance:
  m_ObjectHideFlags: 0
  serializedVersion: 2
  m_Modification:
    m_TransformParent: {fileID: 1121182387}
    m_Modifications:
    - target: {fileID: 8979310983172939016, guid: eda3a9096a100674abfa7ee62060d8d7,
        type: 3}
      propertyPath: m_Name
      value: Ghost
      objectReference: {fileID: 0}
    - target: {fileID: 8979310983172939016, guid: eda3a9096a100674abfa7ee62060d8d7,
        type: 3}
      propertyPath: m_TagString
      value: Ghost
      objectReference: {fileID: 0}
    - target: {fileID: 8979310983173292328, guid: eda3a9096a100674abfa7ee62060d8d7,
        type: 3}
      propertyPath: m_LocalPosition.x
      value: -0.26256704
      objectReference: {fileID: 0}
    - target: {fileID: 8979310983173292328, guid: eda3a9096a100674abfa7ee62060d8d7,
        type: 3}
      propertyPath: m_LocalPosition.y
      value: 2.1165993
      objectReference: {fileID: 0}
    - target: {fileID: 8979310983173292328, guid: eda3a9096a100674abfa7ee62060d8d7,
        type: 3}
      propertyPath: m_LocalPosition.z
      value: -1.1641155
      objectReference: {fileID: 0}
    - target: {fileID: 8979310983173292328, guid: eda3a9096a100674abfa7ee62060d8d7,
        type: 3}
      propertyPath: m_LocalRotation.x
      value: -0
      objectReference: {fileID: 0}
    - target: {fileID: 8979310983173292328, guid: eda3a9096a100674abfa7ee62060d8d7,
        type: 3}
      propertyPath: m_LocalRotation.y
      value: -0
      objectReference: {fileID: 0}
    - target: {fileID: 8979310983173292328, guid: eda3a9096a100674abfa7ee62060d8d7,
        type: 3}
      propertyPath: m_LocalRotation.z
      value: -0
      objectReference: {fileID: 0}
    - target: {fileID: 8979310983173292328, guid: eda3a9096a100674abfa7ee62060d8d7,
        type: 3}
      propertyPath: m_LocalRotation.w
      value: 1
      objectReference: {fileID: 0}
    - target: {fileID: 8979310983173292328, guid: eda3a9096a100674abfa7ee62060d8d7,
        type: 3}
      propertyPath: m_RootOrder
      value: 0
      objectReference: {fileID: 0}
    - target: {fileID: 8979310983173292328, guid: eda3a9096a100674abfa7ee62060d8d7,
        type: 3}
      propertyPath: m_LocalEulerAnglesHint.x
      value: 0
      objectReference: {fileID: 0}
    - target: {fileID: 8979310983173292328, guid: eda3a9096a100674abfa7ee62060d8d7,
        type: 3}
      propertyPath: m_LocalEulerAnglesHint.y
      value: 0
      objectReference: {fileID: 0}
    - target: {fileID: 8979310983173292328, guid: eda3a9096a100674abfa7ee62060d8d7,
        type: 3}
      propertyPath: m_LocalEulerAnglesHint.z
      value: 0
      objectReference: {fileID: 0}
    - target: {fileID: 5679206685560858977, guid: eda3a9096a100674abfa7ee62060d8d7,
        type: 3}
      propertyPath: player
      value: 
      objectReference: {fileID: 1769701181}
    - target: {fileID: 5679206685560858977, guid: eda3a9096a100674abfa7ee62060d8d7,
        type: 3}
      propertyPath: GameEnding
      value: 
      objectReference: {fileID: 1876312842}
    - target: {fileID: 2829566307871396747, guid: eda3a9096a100674abfa7ee62060d8d7,
        type: 3}
      propertyPath: waypoints.Array.size
      value: 2
      objectReference: {fileID: 0}
    - target: {fileID: 2829566307871396747, guid: eda3a9096a100674abfa7ee62060d8d7,
        type: 3}
      propertyPath: NavMeshAgent
      value: 
      objectReference: {fileID: 95296699951394582}
    - target: {fileID: 2829566307871396747, guid: eda3a9096a100674abfa7ee62060d8d7,
        type: 3}
      propertyPath: waypoints.Array.data[0]
      value: 
      objectReference: {fileID: 306422222}
    - target: {fileID: 2829566307871396747, guid: eda3a9096a100674abfa7ee62060d8d7,
        type: 3}
      propertyPath: waypoints.Array.data[1]
      value: 
      objectReference: {fileID: 1645533142}
    m_RemovedComponents: []
  m_SourcePrefab: {fileID: 100100000, guid: eda3a9096a100674abfa7ee62060d8d7, type: 3}
--- !u!195 &95296699951394582 stripped
NavMeshAgent:
  m_CorrespondingSourceObject: {fileID: 2990109391484423729, guid: eda3a9096a100674abfa7ee62060d8d7,
    type: 3}
  m_PrefabInstance: {fileID: 95296699951394581}
  m_PrefabAsset: {fileID: 0}
--- !u!1001 &3189835218786554015
PrefabInstance:
  m_ObjectHideFlags: 0
  serializedVersion: 2
  m_Modification:
    m_TransformParent: {fileID: 2121174630}
    m_Modifications:
    - target: {fileID: 3189835219927106078, guid: 33b6c06b591770d4582bdc2ded70ac33,
        type: 3}
      propertyPath: m_Name
      value: Shadow
      objectReference: {fileID: 0}
    - target: {fileID: 3189835219927106074, guid: 33b6c06b591770d4582bdc2ded70ac33,
        type: 3}
      propertyPath: m_LocalPosition.x
      value: 4.0625033
      objectReference: {fileID: 0}
    - target: {fileID: 3189835219927106074, guid: 33b6c06b591770d4582bdc2ded70ac33,
        type: 3}
      propertyPath: m_LocalPosition.y
      value: 3.2713861
      objectReference: {fileID: 0}
    - target: {fileID: 3189835219927106074, guid: 33b6c06b591770d4582bdc2ded70ac33,
        type: 3}
      propertyPath: m_LocalPosition.z
      value: -1.8574791
      objectReference: {fileID: 0}
    - target: {fileID: 3189835219927106074, guid: 33b6c06b591770d4582bdc2ded70ac33,
        type: 3}
      propertyPath: m_LocalRotation.x
      value: -0
      objectReference: {fileID: 0}
    - target: {fileID: 3189835219927106074, guid: 33b6c06b591770d4582bdc2ded70ac33,
        type: 3}
      propertyPath: m_LocalRotation.y
      value: -0
      objectReference: {fileID: 0}
    - target: {fileID: 3189835219927106074, guid: 33b6c06b591770d4582bdc2ded70ac33,
        type: 3}
      propertyPath: m_LocalRotation.z
      value: -0
      objectReference: {fileID: 0}
    - target: {fileID: 3189835219927106074, guid: 33b6c06b591770d4582bdc2ded70ac33,
        type: 3}
      propertyPath: m_LocalRotation.w
      value: 1
      objectReference: {fileID: 0}
    - target: {fileID: 3189835219927106074, guid: 33b6c06b591770d4582bdc2ded70ac33,
        type: 3}
      propertyPath: m_RootOrder
      value: 0
      objectReference: {fileID: 0}
    - target: {fileID: 3189835219927106074, guid: 33b6c06b591770d4582bdc2ded70ac33,
        type: 3}
      propertyPath: m_LocalEulerAnglesHint.x
      value: 0
      objectReference: {fileID: 0}
    - target: {fileID: 3189835219927106074, guid: 33b6c06b591770d4582bdc2ded70ac33,
        type: 3}
      propertyPath: m_LocalEulerAnglesHint.y
      value: 0
      objectReference: {fileID: 0}
    - target: {fileID: 3189835219927106074, guid: 33b6c06b591770d4582bdc2ded70ac33,
        type: 3}
      propertyPath: m_LocalEulerAnglesHint.z
      value: 0
      objectReference: {fileID: 0}
    m_RemovedComponents: []
  m_SourcePrefab: {fileID: 100100000, guid: 33b6c06b591770d4582bdc2ded70ac33, type: 3}
--- !u!4 &9065293137996443197 stripped
Transform:
  m_CorrespondingSourceObject: {fileID: 8979310983173292328, guid: eda3a9096a100674abfa7ee62060d8d7,
    type: 3}
  m_PrefabInstance: {fileID: 95296699951394581}
  m_PrefabAsset: {fileID: 0}
